%--- COMMENTS may be placed outside the @ENTRYTYPE{ ... } stuctures
%--- CMS guidelines
%---- All URLs for CMS notes, ANs, etc, should refer to the CDS server, not the CMS server. Use our standard format for them, as shown below.
%---- If a collaboration is referenced by the collaboration name, it should be listed in the AUTHOR field. If by a first author + "and others", the collaboration name must be listed in the COLLABORATION field.
%----   We use the collaboration in preference to the author field, but most journals will list both, so include both.
%---- Number of authors to list:
%----   PRL requests that we include all authors up to fifteen except for large collaborations, and we take this as our internal guide as well.
%----   The individual journal bib style file (theirs, ours, PLB, etc.) will truncate at the appropriate point. We have ours set to _3_ as
%----   a reminder to list the appropriate number. For large collaborations, just use first author + "and others".
%---- Use only the URL field instead of embedding an href (this is a change in our practice).
%---- A reference only published on the arXiv should be listed as UNPUBLISHED (with a note "Submitted to XXX" for CMS papers).
%---- Some journals will lowercase the title: use {} to protect words which must be capitalized, e.g., {LHC}, {TeV}, {CERN}, {CMS}. Do not escape the entire title as it will then clash with the journal style.
%---- Journal names: the journals generally include the series in the journal name, "Physical Review D", vol 5, rather than PR D5
%
% We cite notes hosted in a CDS collection as if they are in a journal. This may be changed to a TECHREPORT.
%

@article{Street:1937me,
     author        = "Street, J. C. and Stevenson, E. C.",
     title         = "{New Evidence for the Existence of a Particle of Mass Intermediate Between the Proton and Electron}",
     journal       = "Phys. Rev.",
     volume        = "52",
     issue         = "9",
     pages         = "1003",
     numpages      = "0",
     year          = "1937",
     month         = "Nov",
     publisher     = "American Physical Society",
     doi           = "10.1103/PhysRev.52.1003",
     url           = "http://link.aps.org/doi/10.1103/PhysRev.52.1003",
     SLACcitation  = "%%CITATION = PHRVA,52,1003;%%",
}

@article{Cowan:1992xc,
     author        = "Cowan, C.L. and Reines, F. and Harrison, F.B. and Kruse, H.W. and McGuire, A.D.",
     title         = "{Detection of the free neutrino: A Confirmation}",
     journal       = "Science",
     volume        = "124",
     pages         = "103",
     doi           = "10.1126/science.124.3212.103",
     year          = "1956",
     SLACcitation  = "%%CITATION = SCIEA,124,103;%%",
}

@article{Danby:1962nd,
     author        = "Danby, G. and Gaillard, J-M. and Goulianos, K. and Lederman, L. M. and Mistry, N. and Schwartz, M. and Steinberger, J.",
     title         = "{Observation of High-Energy Neutrino Reactions and the Existence of Two Kinds of Neutrinos}",
     journal       = "Phys. Rev. Lett.",
     volume        = "9",
     issue         = "1",
     pages         = "36",
     numpages      = "0",
     year          = "1962",
     publisher     = "American Physical Society",
     doi           = "10.1103/PhysRevLett.9.36",
     url           = "http://link.aps.org/doi/10.1103/PhysRevLett.9.36",
     SLACcitation  = "%%CITATION = PRLTA,9,36;%%",
}

@article{GellMann:1964nj,
     author        = "Gell-Mann, Murray",
     title         = "{A schematic model of baryons and mesons}",
     journal       = "Phys. Lett.",
     volume        = "8",
     number        = "3",
     pages         = "214",
     year          = "1964",
     doi           = "10.1016/S0031-9163(64)92001-3",
     url           = "http://www.sciencedirect.com/science/article/pii/S0031916364920013",
     SLACcitation  = "%%CITATION = PHLTA,8,214;%%",
}

@article{Zweig:1981pd,
     author        = "Zweig, G.",
     title         = "{An SU(3) model for strong interaction symmetry and its breaking}",
     year          = "1964",
     reportNumber  = "CERN-TH-401",
     SLACcitation  = "%%CITATION = CERN-TH-401 ETC.;%%",
}

@article{Yang:1954ek,
     author        = "Yang, Chen-Ning and Mills, Robert L.",
     title         = "{Conservation of Isotopic Spin and Isotopic Gauge Invariance}",
     journal       = "Phys. Rev.",
     volume        = "96",
     issue         = "1",
     pages         = "191",
     numpages      = "0",
     year          = "1954",
     publisher     = "American Physical Society",
     doi           = "10.1103/PhysRev.96.191",
     url           = "http://link.aps.org/doi/10.1103/PhysRev.96.191",
     SLACcitation  = "%%CITATION = PHRVA,96,191;%%",
}

@article{Higgs:1964pj,
     author        = "Higgs, Peter W.",
     title         = "{Broken Symmetries and the Masses of Gauge Bosons}",
     journal       = "Phys. Rev. Lett.",
     volume        = "13",
     issue         = "16",
     pages         = "508",
     numpages      = "0",
     year          = "1964",
     publisher     = "American Physical Society",
     doi           = "10.1103/PhysRevLett.13.508",
     url           = "http://link.aps.org/doi/10.1103/PhysRevLett.13.508",
     SLACcitation  = "%%CITATION = PRLTA,13,508;%%",
}

@article{Englert:1964et,
     author        = "Englert, F. and Brout, R.",
     title         = "{Broken Symmetry and the Mass of Gauge Vector Mesons}",
     journal       = "Phys. Rev. Lett.",
     volume        = "13",
     issue         = "9",
     pages         = "321",
     numpages      = "0",
     year          = "1964",
     publisher     = "American Physical Society",
     doi           = "10.1103/PhysRevLett.13.321",
     url           = "http://link.aps.org/doi/10.1103/PhysRevLett.13.321",
     SLACcitation  = "%%CITATION = PRLTA,13,321;%%",
}

@article{Glashow:1961tr,
     author        = "Glashow, S.L.",
     title         = "{Partial Symmetries of Weak Interactions}",
     journal       = "Nucl. Phys.",
     volume        = "22",
     pages         = "579",
     doi           = "10.1016/0029-5582(61)90469-2",
     year          = "1961",
     url           = "http://www.sciencedirect.com/science/article/pii/0029558261904692",
     SLACcitation  = "%%CITATION = NUPHA,22,579;%%",
}

@article{Weinberg:1967tq,
     author        = "Weinberg, Steven",
     title         = "{A Model of Leptons}",
     journal       = "Phys. Rev. Lett.",
     volume        = "19",
     issue         = "21",
     pages         = "1264",
     numpages      = "0",
     year          = "1967",
     publisher     = "American Physical Society",
     doi           = "10.1103/PhysRevLett.19.1264",
     url           = "http://link.aps.org/doi/10.1103/PhysRevLett.19.1264",
     SLACcitation  = "%%CITATION = PRLTA,19,1264;%%",
}

@article{PhysRev.127.965,
     title         = "Broken Symmetries",
     author        = "{Goldstone, Jeffrey and Salam, Abdus and Weinberg, Steven}",
     journal       = "Phys. Rev.",
     volume        = "127",
     issue         = "3",
     pages         = "965",
     numpages      = "0",
     year          = "1962",
     publisher     = "American Physical Society",
     doi           = "10.1103/PhysRev.127.965",
     url           = "http://link.aps.org/doi/10.1103/PhysRev.127.965",
     SLACcitation  = "%%CITATION = PHRVA,127,965;%%",
}

@article{Chatrchyan:2013lba,
     author        = "Chatrchyan, Serguei and others",
     title         = "{Observation of a new boson with mass near $125\GeV$ in $\Pp \Pp$ collisions at $\sqrt{s} = 7$ and $8\TeV$}",
     collaboration = "CMS",
     journal       = "JHEP",
     volume        = "1306",
     pages         = "081",
     doi           = "10.1007/JHEP06(2013)081",
     year          = "2013",
     eprint        = "1303.4571v2",
     archivePrefix = "arXiv",
     primaryClass  = "hep-ex",
     reportNumber  = "CMS-HIG-12-036, CERN-PH-EP-2013-035",
     SLACcitation  = "%%CITATION = ARXIV:1303.4571;%%",
}

@article{Chatrchyan:2012ufa,
     author        = "Chatrchyan, Serguei and others",
     title         = "{Observation of a new boson at a mass of 125 GeV with the CMS experiment at the LHC}",
     collaboration = "CMS",
     journal       = "Phys. Lett. B",
     volume        = "716",
     pages         = "30",
     doi           = "10.1016/j.physletb.2012.08.021",
     year          = "2012",
     eprint        = "1207.7235",
     archivePrefix = "arXiv",
     primaryClass  = "hep-ex",
     reportNumber  = "CMS-HIG-12-028, CERN-PH-EP-2012-220",
     SLACcitation  = "%%CITATION = ARXIV:1207.7235;%%",
}

@article{Aad:2012tfa,
     author        = "Aad, Georges and others",
     title         = "{Observation of a new particle in the search for the Standard Model Higgs boson with the ATLAS detector at the LHC}",
     collaboration = "ATLAS",
     journal       = "Phys. Lett. B",
     volume        = "716",
     pages         = "1",
     doi           = "10.1016/j.physletb.2012.08.020",
     year          = "2012",
     eprint        = "1207.7214",
     archivePrefix = "arXiv",
     primaryClass  = "hep-ex",
     reportNumber  = "CERN-PH-EP-2012-218",
     SLACcitation  = "%%CITATION = ARXIV:1207.7214;%%",
}

@misc{StandardModel,
     author        = {Wikipedia},
     title         = "{Standard model of particle physics}",
     collaboration = "Creative Commons Attribution-ShareAlike License",
     howpublished  = "\url{http://en.wikipedia.org/wiki/File:Standard_Model_of_Elementary_Particles.svg}",
}

@book{peskin1995introduction,
     author        = "Peskin, M.E. and Schroeder, D.V.",
     title         = "{An Introduction to Quantum Field Theory}",
     isbn          = "9780201503975",
     lccn          = "89027170",
     series        = "Advanced book classics",
     url           = "http://books.google.com/books?id=i35LALN0GosC",
     year          = "1995",
     publisher     = "Addison-Wesley Publishing Company"
}

@misc{DarkMatter,
     author        = {Wikipedia},
     title         = "{Dark matter}",
     collaboration = "Creative Commons Attribution-ShareAlike License",
     howpublished  = "\url{http://en.wikipedia.org/wiki/Dark_matter}"
}

@phdthesis{PeterAthronPhD2008,
     author        = "Peter Athron",
     title         = "{Aspects of Electroweak Symmetry Breaking in Physics Beyond the Standard Model}",
     school        = "University of Glasgow",
     month         = "November",
     year          = "2008"
}

@article{Martin:1997ns,
     author        = "Martin, Stephen P.",
     title         = "{A Supersymmetry primer}",
     journal       = "Adv. Ser. Direct. High Energy Phys.",
     volume        = "21",
     pages         = "1",
     doi           = "10.1142/9789814307505_0001",
     year          = "2010",
     eprint        = "hep-ph/9709356v6",
     archivePrefix = "arXiv",
     primaryClass  = "hep-ph",
     SLACcitation  = "%%CITATION = HEP-PH/9709356;%%",
}

@article{Quevedo:2010ui,
     author        = "Quevedo, Fernando and Krippendorf, Sven and Schlotterer, Oliver",
     title         = "{Cambridge Lectures on Supersymmetry and Extra Dimensions}",
     year          = "2010",
     eprint        = "1011.1491v1",
     archivePrefix = "arXiv",
     primaryClass  = "hep-th",
     reportNumber  = "DAMTP-2010-90, MPP-2010-143",
     SLACcitation  = "%%CITATION = ARXIV:1011.1491;%%",
}

@article{Alves:2011wf,
     author        = "Alves, Daniele and others",
     title         = "{Simplified Models for {LHC} New Physics Searches}",
     journal       = "J. Phys. G",
     volume        = "39",
     pages         = "105005",
     doi           = "10.1088/0954-3899/39/10/105005",
     year          = "2012",
     eprint        = "1105.2838",
     archivePrefix = "arXiv",
     primaryClass  = "hep-ph",
     reportNumber  = "SLAC-PUB-15045, FERMILAB-PUB-11-842-A-PPD",
     SLACcitation  = "%%CITATION = ARXIV:1105.2838;%%",
}

@article{Alwall:2008ag,
     author        = "Alwall, Johan and Schuster, Philip and Toro, Natalia",
     title         = "{Simplified Models for a First Characterization of New Physics at the LHC}",
     journal       = "Phys. Rev. D",
     volume        = "79",
     pages         = "075020",
     doi           = "10.1103/PhysRevD.79.075020",
     year          = "2009",
     eprint        = "0810.3921v2",
     archivePrefix = "arXiv",
     primaryClass  = "hep-ph",
     reportNumber  = "SLAC-PUB-13425, SU-ITP-08-24",
     SLACcitation  = "%%CITATION = ARXIV:0810.3921;%%",
}

@article{Kraml:2013mwa,
     author        = "Kraml, Sabine and Kulkarni, Suchita and Laa, Ursula and Lessa, Andre and Magerl, Wolfgang and others",
     title         = "{SModelS: a tool for interpreting simplified-model results from the LHC and its application to supersymmetry}",
     journal       = "Eur. Phys. J. C",
     volume        = "74",
     pages         = "2868",
     doi           = "10.1140/epjc/s10052-014-2868-5",
     year          = "2014",
     eprint        = "1312.4175v3",
     archivePrefix = "arXiv",
     primaryClass  = "hep-ph",
     SLACcitation  = "%%CITATION = ARXIV:1312.4175;%%",
}

@misc{GMSB,
     author        = {Wikipedia},
     title         = "{Minimal Supersymmetric Standard Model}",
     collaboration = "Creative Commons Attribution-ShareAlike License",
     howpublished  = "\url{http://en.wikipedia.org/wiki/Minimal_Supersymmetric_Standard_Model}"
}

@article{Gray:2011us,
     author        = "Gray, Richard C. and Kilic, Can and Park, Michael and Somalwar, Sunil and Thomas, Scott",
     title         = "{Backgrounds to Higgs Boson searches from $\PW \gamma^* \to \ell \nu \ell (\ell)$ asymmetric internal conversion}",
     year          = "2011",
     eprint        = "1110.1368v1",
     archivePrefix = "arXiv",
     primaryClass  = "hep-ph",
     SLACcitation  = "%%CITATION = ARXIV:1110.1368;%%",
}

@article{Nilles:1983ge,
     author        = "Nilles, Hans Peter",
     title         = "{Supersymmetry, Supergravity and Particle Physics}",
     journal       = "Phys. Rept.",
     volume        = "110",
     doi           = "10.1016/0370-1573(84)90008-5",
     year          = "1984",
     pages         = "1",
     SLACcitation  = "%%CITATION = PRPLC,110,1;%%"
}

@article{Haber:1984rc,
     author        = "Haber, Howard E. and Kane, Gordon L.",
     title         = "{The Search for Supersymmetry: Probing Physics Beyond the Standard Model}",
     journal       = "Phys. Rept.",
     volume        = "117",
     doi           = "10.1016/0370-1573(85)90051-1",
     year          = "1985",
     pages         = "75",
     SLACcitation  = "%%CITATION = PRPLC,117,75;%%"
}

@article{deBoer:1994dg,
     author        = "de Boer, W.",
     title         = "{Grand unified theories and supersymmetry in particle physics and cosmology}",
     journal       = "Prog. Part. Nucl. Phys.",
     volume        = "33",
     doi           = "10.1016/0146-6410(94)90045-0",
     year          = "1994",
     pages         = "201",
     SLACcitation  = "%%CITATION = HEP-PH/9402266;%%"
}

@article{Ruderman:2010kj,
     author        = "Ruderman, Joshua T. and Shih, David",
     title         = "{Slepton co-NLSPs at the Tevatron}",
     journal       = "JHEP",
     volume        = "11",
     pages         = "046",
     doi           = "10.1007/JHEP11(2010)046",
     year          = "2010",
     eprint        = "1009.1665v2",
     archivePrefix = "arXiv",
     primaryClass  = "hep-ph",
}

@article{Chatrchyan:2011ff,
     author        = "Chatrchyan, Serguei and others",
     title         = "{Search for Physics Beyond the Standard Model Using Multilepton Signatures in $\Pp \Pp$ Collisions at $\sqrt{s} = 7\TeV$}",
     collaboration = "CMS",
     journal       = "Phys. Lett. B",
     volume        = "704",
     pages         = "411",
     doi           = "10.1016/j.physletb.2011.09.047",
     year          = "2011",
     eprint        = "1106.0933v2",
     archivePrefix = "arXiv",
     primaryClass  = "hep-ex",
     reportNumber  = "CERN-PH-EP-2011-046, CMS-SUS-10-008",
     SLACcitation  = "%%CITATION = ARXIV:1106.0933;%%",
}

@article{Chatrchyan:2012mea,
     author        = "Chatrchyan, Serguei and others",
     title         = "{Search for anomalous production of multilepton events in $\Pp \Pp$ collisions at $\sqrt{s} = 7\TeV$}",
     collaboration = "CMS",
     journal       = "JHEP",
     volume        = "06",
     pages         = "169",
     doi           = "10.1007/JHEP06(2012)169",
     year          = "2012",
     eprint        = "1204.5341v2",
     archivePrefix = "arXiv",
     primaryClass  = "hep-ex",
     reportNumber  = "CMS-SUS-11-013, CERN-PH-EP-2012-110",
     SLACcitation  = "%%CITATION = ARXIV:1204.5341;%%",
}

@article{Chatrchyan:2012pka,
     author        = "Chatrchyan, Serguei and others",
     title         = "{Search for electroweak production of charginos and neutralinos using leptonic final states in $\Pp \Pp$ collisions at $\sqrt{s} = 7\TeV$}",
     collaboration = "CMS",
     journal       = "JHEP",
     volume        = "1211",
     pages         = "147",
     doi           = "10.1007/JHEP11(2012)147",
     year          = "2012",
     eprint        = "1209.6620",
     archivePrefix = "arXiv",
     primaryClass  = "hep-ex",
     reportNumber  = "CMS-SUS-12-006, CERN-PH-EP-2012-273",
     SLACcitation  = "%%CITATION = ARXIV:1209.6620;%%",
}

@article{Evans:2008zzb,
     author        = "Evans, Lyndon and Bryant, Philip",
     title         = "{LHC Machine}",
     journal       = "JINST",
     volume        = "3",
     pages         = "S08001",
     doi           = "10.1088/1748-0221/3/08/S08001",
     year          = "2008",
     SLACcitation  = "%%CITATION = JINST,3,S08001;%%",
}

@book{Bruning:782076,
     author        = "Br{\"{u}}ning, Oliver Sim and Collier, Paul and Lebrun, P and Myers, Stephen and Ostojic, Ranko and Poole, John and Proudlock, Paul",
     title         = "{LHC Design Report}",
     publisher     = "CERN",
     address       = "Geneva",
     year          = "2004",
     url           = "http://cds.cern.ch/record/782076"
}

@article{Marcastel:1621583,
     author        = "Marcastel, Fabienne",
     title         = "{CERN's Accelerator Complex. La cha{\^{i}}ne des acc{\'{e}}l{\'{e}}rateurs du CERN}",
     month         = "Oct",
     year          = "2013",
     note          = "General Photo",
     url           = "https://cds.cern.ch/record/1621583"
}

@article{Chatrchyan:2009hb,
     author        = "Chatrchyan, Serguei and others",
     title         = "{Commissioning of the {CMS} Experiment and the Cosmic Run at Four {Tesla}}",
     collaboration = "CMS",
     journal       = "JINST",
     volume        = "5",
     doi           = "10.1088/1748-0221/5/03/T03001",
     year          = "2010",
     pages         = "T03001",
     archivePrefix = "arXiv",
     eprint        = "0911.4845v2",
     primaryClass  = "physics.ins-det",
     SLACcitation  = "%%CITATION = 0911.4845;%%"   
}

@book{Bayatian:922757,
     author        = "Bayatian, G L and Chatrchyan, S and Hmayakyan, G and others",
     title         = "{CMS Physics: Technical Design Report Volume 1: Detector Performance and Software}",
     publisher     = "CERN",
     collaboration = "CMS",
     address       = "Geneva",
     series        = "Technical Design Report CMS",
     year          = "2006",
     reportNumber  = "CERN-LHCC-2006-001, CMS-TDR-8-1",
     note          = "There is an error on cover due to a technical problem for some items",
}

@article{Chatrchyan:2008aa,
     author        = "Chatrchyan, S. and others",
     title         = "{The CMS experiment at the CERN LHC}",
     collaboration = "CMS",
     journal       = "JINST",
     volume        = "3",
     pages         = "S08004",
     doi           = "10.1088/1748-0221/3/08/S08004",
     year          = "2008",
     SLACcitation  = "%%CITATION = JINST,3,S08004;%%",
}

@article{Chatrchyan:2009ag,
     author        = "Chatrchyan, S and others",
     title         = "{Performance of the CMS Hadron Calorimeter with Cosmic Ray Muons and LHC Beam Data}",
     collaboration = "CMS",
     journal       = "JINST",
     volume        = "5",
     pages         = "03012",
     doi           = "10.1088/1748-0221/5/03/T03012",
     year          = "2010",
     eprint        = "0911.4991v3",
     archivePrefix = "arXiv",
     primaryClass  = "physics.ins-det",
     reportNumber  = "CMS-CFT-09-009",
     SLACcitation  = "%%CITATION = ARXIV:0911.4991;%%",
}

@article{Abdullin:2009zz,
     author        = "Abdullin, S. and others",
     title         = "{The CMS barrel calorimeter response to particle beams from 2 to 350 $\GeVc$}",
     collaboration = "CMS HCAL/ECAL",
     journal       = "Eur. Phys. J. C",
     volume        = "60",
     pages         = "359",
     doi           = "10.1140/epjc/s10052-009-0959-5, 10.1140/epjc/s10052-009-1024-0",
     year          = "2009",
     url           = "http://dx.doi.org/10.1140/epjc/s10052-009-0959-5",
     reportNumber  = "FERMILAB-PUB-08-661-E-PPD, CERN-CMS-NOTE-2008-034",
     SLACcitation  = "%%CITATION = EPHJA,C60,359;%%",
}

@article{Baiatian:2008zz,
     author        = "Baiatian, G. and others",
     title         = "{Design, Performance, and Calibration of CMS Hadron Endcap Calorimeters}",
     collaboration = "CMS HCAL",
     volume        = "CMS-NOTE-2008-010",
     year          = "2008",
     number        = "CMS-NOTE-2008-010",
     month         = "Mar",
     reportNumber  = "CERN-CMS-NOTE-2008-010",
     SLACcitation  = "%%CITATION = CERN-CMS-NOTE-2008-010 ETC.;%%",
     institution   = "CERN",
}

@article{Abdullin:2008zza,
     author        = "Abdullin, S. and others",
     title         = "{Design, performance, and calibration of the CMS Hadron-outer calorimeter}",
     collaboration = "CMS HCAL",
     journal       = "Eur. Phys. J. C",
     volume        = "57",
     pages         = "653",
     doi           = "10.1140/epjc/s10052-008-0756-6",
     year          = "2008",
     url           = "http://dx.doi.org/10.1140/epjc/s10052-008-0756-6",
     reportNumber  = "CERN-CMS-NOTE-2008-020",
     SLACcitation  = "%%CITATION = EPHJA,C57,653;%%",
}

@article{Bayatian:2006jz,
     author        = "Bayatian, G. and Sirunian, A. and Emelyanchik, I. and Massolov, V. and Shumeiko, N. and others",
     title         = "{Design, performance, and calibration of CMS forward calorimeter wedges}",
     journal       = "Eur. Phys. J. C",
     volume        = "53",
     number        = "1",
     pages         = "139",
     doi           = "10.1140/epjc/s10052-007-0459-4",
     year          = "2008",
     url           = "http://dx.doi.org/10.1140/epjc/s10052-007-0459-4",
     reportNumber  = "CERN-CMS-NOTE-2006-044",
     SLACcitation  = "%%CITATION = EPHJA,C53,139;%%",
}

@article{Lenzi:2013xpa,
     author        = "Lenzi, Thomas",
     title         = "{Development and Study of Different Muon Track Reconstruction Algorithms for the Level-1 Trigger for the CMS Muon Upgrade with GEM Detectors}",
     year          = "2013",
     eprint        = "1306.0858v1",
     archivePrefix = "arXiv",
     primaryClass  = "physics.ins-det",
     reportNumber  = "CERN-THESIS-2013-042",
     SLACcitation  = "%%CITATION = ARXIV:1306.0858;%%",
}

@book{Karimaki:368412,
     author        = "Karim{\"{a}}ki, V and Mannelli, M and Siegrist, P and Breuker, H and Caner, A and Castaldi, R and Freudenreich, K and Hall, G and Horisberger, R and Huhtinen, M and Cattai, A",
     title         = "{The CMS tracker system project: Technical Design Report}",
     publisher     = "CERN",
     collaboration = "CMS",
     address       = "Geneva",
     series        = "Technical Design Report CMS",
     year          = "1997",
     reportNumber  = "CERN-LHCC-98-006, CMS-TDR-5",
     url           = "http://cds.cern.ch/record/368412"
}

@article{Brooke:2013hnf,
     author        = "Brooke, J.",
     title         = "{Performance of the CMS Level-1 Trigger}",
     collaboration = "CMS",
     journal       = "PoS",
     volume        = "ICHEP2012",
     pages         = "508",
     year          = "2013",
     eprint        = "1302.2469v1",
     archivePrefix = "arXiv",
     primaryClass  = "hep-ex",
     reportNumber  = "CERN-CMS-CR-2012-322",
     SLACcitation  = "%%CITATION = ARXIV:1302.2469;%%",
}

@misc{LumiPublicResults,
     author        = "{CMS Collaboration}",
     title         = "{Public CMS Luminosity Information}",
     collaboration = "CMS",
     howpublished  = "\url{https://twiki.cern.ch/twiki/bin/view/CMSPublic/LumiPublicResults}",
}

@article{Chatrchyan:2013dga,
     author        = "Chatrchyan, Serguei and others",
     title         = "{Energy Calibration and Resolution of the CMS Electromagnetic Calorimeter in $\Pp \Pp$ Collisions at $\sqrt{s} = 7\TeV$}",
     collaboration = "CMS",
     journal       = "JINST",
     volume        = "8",
     pages         = "P09009",
     doi           = "10.1088/1748-0221/8/09/P09009",
     year          = "2013",
     eprint        = "1306.2016v2",
     archivePrefix = "arXiv",
     primaryClass  = "hep-ex",
     reportNumber  = "CMS-EGM-11-001, CERN-PH-EP-2013-097",
     SLACcitation  = "%%CITATION = ARXIV:1306.2016;%%",
}

@article{CMS:2013gfa,
     author        = "{CMS Collaboration}",
     title         = "{CMS Luminosity Based on Pixel Cluster Counting - Summer 2013 Update}",
     institution   = "CERN",
     collaboration = "CMS",
     address       = "Geneva",
     journal       = "CMS-PAS-LUM-13-001",
     year          = "2013",
}

@article{Beaudette:2014cea,
     author        = "Beaudette, Florian",
     title         = "{The CMS Particle Flow Algorithm}",
     collaboration = "CMS",
     pages         = "295",
     year          = "2014",
     eprint        = "1401.8155v1",
     archivePrefix = "arXiv",
     primaryClass  = "hep-ex",
     SLACcitation  = "%%CITATION = ARXIV:1401.8155;%%",
}

@article{CMS-PAS-PFT-10-001,
     author        = "{CMS Collaboration}",
     title         = "{Commissioning of the Particle-flow Event Reconstruction with the first LHC collisions recorded in the CMS detector}",
     collaboration = "CMS",
     journal       = "CMS Physics Analysis Summary",
     url           = "http://cds.cern.ch/record/1247373",
     volume        = "CMS-PAS-PFT-10-001",
     year          = "2010",
     reportNumber  = "CMS-PAS-PFT-10-001",
}

@article{CMS-PAS-PFT-10-002,
     author        = "{CMS Collaboration}",
     title         = "{Commissioning of the Particle-Flow reconstruction in Minimum-Bias and Jet Events from $\Pp \Pp$ Collisions at $7\TeV$}",
     collaboration = "CMS",
     journal       = "CMS Physics Analysis Summary",
     url           = "http://cds.cern.ch/record/1279341",
     volume        = "CMS-PAS-PFT-10-002",
     year          = "2010",
     reportNumber  = "CMS-PAS-PFT-10-002"
}

@article{Khachatryan:2010pw,
     author        = "Khachatryan, Vardan and others",
     title         = "{CMS tracking performance results from early LHC operation}",
     collaboration = "CMS",
     journal       = "Eur. Phys. J. C",
     volume        = "70",
     pages         = "1165",
     doi           = "10.1140/epjc/s10052-010-1491-3",
     year          = "2010",
     eprint        = "1007.1988v2",
     url           = "http://dx.doi.org/10.1140/epjc/s10052-010-1491-3",
     archivePrefix = "arXiv",
     primaryClass  = "physics.ins-det",
     reportNumber  = "CERN-PH-EP-2010-019, CMS-TRK-10-001",
     SLACcitation  = "%%CITATION = ARXIV:1007.1988;%%",
}

@article{Fruhwirth:1987fm,
     author        = "Fr{\"{u}}hwirth, R.",
     title         = "{Application of Kalman filtering to track and vertex fitting}",
     journal       = "Nucl. Instrum. Meth. A",
     volume        = "262",
     pages         = "444",
     doi           = "10.1016/0168-9002(87)90887-4",
     year          = "1987",
     reportNumber  = "HEPHY-PUB-87-503",
     SLACcitation  = "%%CITATION = NUIMA,A262,444;%%",
}

@article{Chatrchyan:2014fea,
     author        = "Chatrchyan, Serguei and others",
     title         = "{Description and performance of track and primary-vertex reconstruction with the CMS tracker}",
     collaboration = "CMS",
     journal       = "JINST",
     number        = "10",
     volume        = "9",
     pages         = "P10009",
     doi           = "10.1088/1748-0221/9/10/P10009",
     year          = "2014",
     eprint        = "1405.6569v2",
     archivePrefix = "arXiv",
     primaryClass  = "physics.ins-det",
     reportNumber  = "CMS-TRK-11-001, CERN-PH-EP-2014-070",
     SLACcitation  = "%%CITATION = ARXIV:1405.6569;%%",
}

@article{1742-6596-110-9-092009,
     author        = "W Erdmann",
     title         = {Vertex reconstruction at the CMS experiment},
     journal       = "J. Phys. Conf. Ser.",
     volume        = "110",
     number        = "9",
     pages         = "092009",
     url           = "http://stacks.iop.org/1742-6596/110/i=9/a=092009",
     year          = "2008",
}

@article{CMS-IN-2011/014,
     author        = "W. Erdmann, PSI",
     title         = "{Offline Primary Vertex Reconstruction with Deterministic Annealing Clustering}",
     collaboration = "CMS",
     journal       = "CMS Internal Note",
     volume        = "CMS IN-2011/014",
     year          = "2011",
     eprint        = "",
     archivePrefix = "arXiv",
     primaryClass  = "hep-ph",
     reportNumber  = "",
     url           = "http://cms.cern.ch/iCMS/jsp/openfile.jsp?type=IN&year=2011&files=IN2011_014.pdf",
}

@article{CMS-NOTE-2007/008,
     author        = "R. Fr{\"{u}}hwirth, W. Waltenberger",
     title         = "{Adaptive Vertex Fitting}",
     collaboration = "CMS",
     journal       = "CMS Note",
     volume        = "CMS NOTE-2007/008",
     year          = "2007",
     eprint        = "",
     archivePrefix = "arXiv",
     primaryClass  = "hep-ph",
     reportNumber  = "",
     url           = "http://cms.cern.ch/iCMS/jsp/openfile.jsp?type=NOTE&year=2007&files=NOTE2007_008.pdf",
}

@article{Waltenberger:2008zz,
     author        = "Waltenberger, Wolfgang",
     title         = "{Adaptive vertex reconstruction}",
     year          = "2008",
     journal       = "CERN-CMS-NOTE-2008-033",
     url           = "http://inspirehep.net/record/809758/files/NOTE2008_033.pdf",
     reportNumber  = "CERN-CMS-NOTE-2008-033",
     SLACcitation  = "%%CITATION = CERN-CMS-NOTE-2008-033 ETC.;%%",
}

@article{CMS-PAS-EGM-10-005,
     author        = "{CMS Collaboration}",
     title         = "{Photon reconstruction and identification at $\sqrt{s} = 7\TeV$}",
     collaboration = "CMS",
     journal       = "CMS Physics Analysis Summary",
     url           = "http://cds.cern.ch/record/1279143",
     volume        = "CMS-PAS-EGM-10-005",
     year          = "2010",
     reportNumber  = "CMS-PAS-EGM-10-005",
     SLACcitation  = "%%CITATION = CMS-PAS-EGM-10-005 ETC.;%%",
}

@article{CMS-PAS-EGM-10-006,
     key           = "925261",
     author        = "{CMS Collaboration}",
     title         = "{Isolated Photon Reconstruction and Identification at $\sqrt{s} = 7\TeV$}",
     collaboration = "CMS",
     journal       = "CMS Physics Analysis Summary",
     url           = "https://inspirehep.net/record/925261",
     year          = "2011",
     reportNumber  = "CMS-PAS-EGM-10-006",
     SLACcitation  = "%%CITATION = CMS-PAS-EGM-10-006 ETC.;%%",
}

@article{Chatrchyan:2012xi,
     author        = "Chatrchyan, Serguei and others",
     title         = "{Performance of CMS muon reconstruction in $\Pp \Pp$ collision events at $\sqrt{s} = 7\TeV$}",
     collaboration = "CMS",
     journal       = "JINST",
     volume        = "7",
     pages         = "P10002",
     doi           = "10.1088/1748-0221/7/10/P10002",
     year          = "2012",
     eprint        = "1206.4071v2",
     archivePrefix = "arXiv",
     primaryClass  = "physics.ins-det",
     reportNumber  = "CMS-MUO-10-004, CERN-PH-EP-2012-173",
     SLACcitation  = "%%CITATION = ARXIV:1206.4071;%%",
}

@article{CMS-PAS-MUO-10-002,
     author        = "{CMS Collaboration}",
     title         = "{Performance of muon identification in $\Pp \Pp$ collisions at $\sqrt{s} = 7\TeV$}",
     collaboration = "CMS",
     journal       = "CMS Physics Analysis Summary",
     url           = "http://cds.cern.ch/record/1279140",
     volume        = "CMS-PAS-MUO-10-002",
     year          = "2010",
     reportNumber  = "CMS-PAS-MUO-10-002",
}

@article{Baffioni:2006cd,
     author        = "Baffioni, S. and Charlot, C. and Ferri, F. and Futyan, D. and Meridiani, P. and others",
     title         = "{Electron reconstruction in CMS}",
     journal       = "Eur. Phys. J. C",
     volume        = "49",
     pages         = "1099",
     doi           = "10.1140/epjc/s10052-006-0175-5",
     year          = "2007",
     reportNumber  = "CERN-CMS-NOTE-2006-040",
     SLACcitation  = "%%CITATION = EPHJA,C49,1099;%%",
}

@article{CMS-PAS-EGM-10-004,
     author        = "{CMS Collaboration}",
     title         = "{Electron Reconstruction and Identification at $\sqrt{s} = 7\TeV$}",
     collaboration = "CMS",
     journal       = "CMS Physics Analysis Summary",
     url           = "http://cdsweb.cern.ch/record/1299116",
     volume        = "CMS-PAS-EGM-10-004",
     year          = "2010",
     reportNumber  = "CMS-PAS-EGM-10-004",
}

@article{1748-0221-7-01-P01001,
     author        = "{CMS Collaboration}",
     title         = "{Performance of $\tau$-lepton reconstruction and identification in CMS}",
     collaboration = "CMS",
     journal       = "JINST",
     volume        = "7",
     pages         = "P01001",
     doi           = "10.1088/1748-0221/7/01/P01001",
     url           = "http://stacks.iop.org/1748-0221/7/i=01/a=P01001",
     year          = "2012",
     eprint        = "1109.6034v1",
     archivePrefix = "arXiv",
     primaryClass  = "hep-ex",
     SLACcitation  = "%%CITATION = ARXIV:1109.6034;%%",
}

@article{Nayak:2013aja,
     author        = "Nayak, Aruna Kumar",
     title         = "{Reconstruction of physics objects in the CMS detector}",
     collaboration = "CMS",
     journal       = "PoS",
     volume        = "CHARGED2012",
     pages         = "010",
     year          = "2012",
     eprint        = "1310.7408v1",
     archivePrefix = "arXiv",
     primaryClass  = "hep-ex",
     reportNumber  = "CERN-CMS-CR-2013-019",
     SLACcitation  = "%%CITATION = ARXIV:1310.7408;%%",
}

@article{Cacciari:2011ma,
     author        = "Cacciari, Matteo and Salam, Gavin P. and Soyez, Gregory",
     title         = "{FastJet User Manual}",
     journal       = "Eur. Phys. J. C",
     volume        = "72",
     pages         = "1896",
     doi           = "10.1140/epjc/s10052-012-1896-2",
     year          = "2012",
     eprint        = "1111.6097v1",
     archivePrefix = "arXiv",
     primaryClass  = "hep-ph",
     reportNumber  = "CERN-PH-TH-2011-297",
     SLACcitation  = "%%CITATION = ARXIV:1111.6097;%%",
}

@article{Cacciari:2008gp,
     author        = "Cacciari, Matteo and Salam, Gavin P. and Soyez, Gregory",
     title         = "{The anti-$\kt$ jet clustering algorithm}",
     journal       = "JHEP",
     volume        = "04",
     pages         = "063",
     doi           = "10.1088/1126-6708/2008/04/063",
     year          = "2008",
     eprint        = "0802.1189v2",
     archivePrefix = "arXiv",
     primaryClass  = "hep-ph",
     reportNumber  = "LPTHE-07-03",
     SLACcitation  = "%%CITATION = ARXIV:0802.1189;%%",
}

@article{Dokshitzer:1997in,
     author        = "Dokshitzer, Yuri L. and Leder, G.D. and Moretti, S. and Webber, B.R.",
     title         = "{Better jet clustering algorithms}",
     journal       = "JHEP",
     volume        = "9708",
     pages         = "001",
     doi           = "10.1088/1126-6708/1997/08/001",
     year          = "1997",
     eprint        = "hep-ph/9707323v2",
     archivePrefix = "arXiv",
     primaryClass  = "hep-ph",
     reportNumber  = "CAVENDISH-HEP-97-06",
     SLACcitation  = "%%CITATION = HEP-PH/9707323;%%",
}

@article{Ellis:1993tq,
     author        = "Ellis, Stephen D. and Soper, Davison E.",
     title         = "{Successive combination jet algorithm for hadron collisions}",
     journal       = "Phys. Rev. D",
     volume        = "48",
     pages         = "3160",
     doi           = "10.1103/PhysRevD.48.3160",
     year          = "1993",
     eprint        = "hep-ph/9305266v1",
     archivePrefix = "arXiv",
     primaryClass  = "hep-ph",
     reportNumber  = "CERN-TH-6860-93",
     SLACcitation  = "%%CITATION = HEP-PH/9305266;%%",
}

@article{1748-0221-6-11-P11002,
     author        = "{CMS Collaboration}",
     title         = "{Determination of jet energy calibration and transverse momentum resolution in CMS}",
     collaboration = "CMS",
     journal       = "JINST",
     volume        = "6",
     pages         = "P11002",
     doi           = "10.1088/1748-0221/6/11/P11002",
     year          = "2011",
     eprint        = "1107.4277v1",
     archivePrefix = "arXiv",
     primaryClass  = "physics.ins-det",
     reportNumber  = "CMS-JME-10-011, CERN-PH-EP-2011-102",
     SLACcitation  = "%%CITATION = ARXIV:1107.4277;%%",
}

@article{Cacciari:2007fd,
     author        = "Cacciari, Matteo and Salam, Gavin P.",
     title         = "{Pileup subtraction using jet areas}",
     journal       = "Phys. Lett. B",
     volume        = "659",
     pages         = "119",
     doi           = "10.1016/j.physletb.2007.09.077",
     year          = "2008",
     eprint        = "0707.1378v2",
     archivePrefix = "arXiv",
     primaryClass  = "hep-ph",
     reportNumber  = "LPTHE-07-01",
     SLACcitation  = "%%CITATION = ARXIV:0707.1378;%%",
}

@article{Chatrchyan:2012jua,
     author        = "Chatrchyan, Serguei and others",
     title         = "{Identification of $\cPqb$-quark jets with the CMS experiment}",
     collaboration = "CMS",
     journal       = "JINST",
     volume        = "8",
     pages         = "P04013",
     doi           = "10.1088/1748-0221/8/04/P04013",
     year          = "2013",
     eprint        = "1211.4462v2",
     archivePrefix = "arXiv",
     primaryClass  = "hep-ex",
     reportNumber  = "CMS-BTV-12-001, CERN-PH-EP-2012-262",
     SLACcitation  = "%%CITATION = ARXIV:1211.4462;%%"
}

@article{Khachatryan:2014gga,
     author        = "Khachatryan, Vardan and others",
     title         = "{Performance of the missing transverse energy reconstruction by the CMS experiment in $\sqrt{s} = 8\TeV \Pp \Pp$ data}",
     collaboration = "CMS",
     year          = "2014",
     eprint        = "1411.0511v1",
     archivePrefix = "arXiv",
     primaryClass  = "physics.ins-det",
     reportNumber  = "CMS-JME-13-003, CERN-PH-EP-2014-246",
     SLACcitation  = "%%CITATION = ARXIV:1411.0511;%%",
}

@article{1748-0221-6-09-P09001,
     author        = "{CMS Collaboration}",
     title         = {Missing transverse energy performance of the CMS detector},
     collaboration = "CMS",
     journal       = "JINST",
     volume        = "6",
     number        = "09",
     pages         = "P09001",
     year          = "2011",
     url           = "http://stacks.iop.org/1748-0221/6/i=09/a=P09001",
     eprint        = "abs/1106.5048v1",
     archivePrefix = "arXiv",
     primaryClass  = "physics.ins-det",
     reportNumber  = "CMS-JME-10-009, CERN-PH-EP-2011-051",
     SLACcitation  = "%%CITATION = ARXIV:1106.5048;%%",
}

@article{CMS:2010jua,
     key           = "925297",
     author        = "{CMS Collaboration}",
     title         = "{Missing Transverse Energy Performance in Minimum-Bias and Jet Events from Proton-Proton Collisions at $\sqrt{s} = 7\TeV$}",
     collaboration = "CMS",
     url           = "http://cds.cern.ch/record/1279142",
     year          = "2010",
     reportNumber  = "CMS-PAS-JME-10-004",
     SLACcitation  = "%%CITATION = CMS-PAS-JME-10-004 ETC.;%%",
}

@article{CMS:2010cta,
     key           = "925264",
     author        = "{CMS Collaboration}",
     title         = "{CMS $\MET$ Performance in Events Containing Electroweak Bosons from $\Pp \Pp$ Collisions at $\sqrt{s} = 7\TeV$}",
     collaboration = "CMS",
     url           = "http://cds.cern.ch/record/1294501",
     year          = "2010",
     reportNumber  = "CMS-PAS-JME-10-005",
     SLACcitation  = "%%CITATION = CMS-PAS-JME-10-005 ETC.;%%",
}

@article{Djouadi:2002ze,
     author        = "Djouadi, Abdelhak and Kneur, Jean-Loic and Moultaka, Gilbert",
     title         = "{\textsc{SuSpect}: A Fortran code for the supersymmetric and Higgs particle spectrum in the MSSM}",
     journal       = "Comput. Phys. Commun.",
     volume        = "176",
     pages         = "426",
     doi           = "10.1016/j.cpc.2006.11.009",
     year          = "2007",
     eprint        = "hep-ph/0211331v2",
     archivePrefix = "arXiv",
     primaryClass  = "hep-ph",
     reportNumber  = "PM-02-39, CERN-TH-2002-325",
     SLACcitation  = "%%CITATION = HEP-PH/0211331;%%",
}

@article{Skands:2003cj,
     author        = "Skands, Peter Z. and Allanach, B.C. and Baer, H. and Balazs, C. and Belanger, G. and others",
     title         = "{SUSY Les Houches accord: Interfacing SUSY spectrum calculators, decay packages, and event generators}",
     journal       = "JHEP",
     volume        = "07",
     pages         = "036",
     doi           = "10.1088/1126-6708/2004/07/036",
     year          = "2004",
     eprint        = "hep-ph/0311123v4",
     archivePrefix = "arXiv",
     primaryClass  = "hep-ph",
     reportNumber  = "LU-TP-03-39, SHEP-03-24, CERN-TH-2003-204, ZU-TH-15-03, LMU-19-03, DCPT-03-108, IPPP-03-54, CTS-IISC-2003-07, DESY-03-166, MPP-2003-111",
     SLACcitation  = "%%CITATION = HEP-PH/0311123;%%",
}

@article{Alwall:2006yp,
     author        = "Alwall, Johan and Ballestrero, A. and Bartalini, P. and Belov, S. and Boos, E. and others",
     title         = "{A Standard format for Les Houches event files}",
     journal       = "Comput. Phys. Commun.",
     volume        = "176",
     pages         = "300",
     doi           = "10.1016/j.cpc.2006.11.010",
     year          = "2007",
     eprint        = "hep-ph/0609017v1",
     archivePrefix = "arXiv",
     primaryClass  = "hep-ph",
     reportNumber  = "FERMILAB-PUB-06-337-T, CERN-LCGAPP-2006-03",
     SLACcitation  = "%%CITATION = HEP-PH/0609017;%%",
}

@article{Agostinelli:2002hh,
     author        = "Agostinelli, S. and others",
     title         = "{{\GEANTfour}---a simulation toolkit}",
     collaboration = "GEANT4",
     journal       = "Nucl. Instrum. Meth. A",
     volume        = "506",
     doi           = "10.1016/S0168-9002(03)01368-8",
     year          = "2003",
     pages         = "250",
     SLACcitation  = "%%CITATION = NUIMA,A506,250;%%"
}

@article{Abdullin:2011zz,
     author         = "Abdullin, S. and Azzi, P. and Beaudette, F. and Janot, P. and Perrotta, A.",
     title          = "{The fast simulation of the CMS detector at LHC}",
     collaboration  = "CMS",
     journal        = "J. Phys. Conf. Ser.",
     volume         = "331",
     pages          = "032049",
     doi            = "10.1088/1742-6596/331/3/032049",
     year           = "2011",
     SLACcitation   = "%%CITATION = 00462,331,032049;%%",
}

@article{Kretzer:2003it,
     author        = "Kretzer, S. and Lai, H. L. and Olness, F. I. and Tung,  W. K.",
     title         = "{CTEQ6 parton distributions with heavy quark mass effects}",
     journal       = "Phys. Rev. D",
     volume        = "69",
     pages         = "114005",
     doi           = "10.1103/PhysRevD.69.114005",
     year          = "2004",
     eprint        = "hep-ph/0307022v1",
     archivePrefix = "arXiv",
     primaryClass  = "hep-ph",
     reportNumber  = "MSU-HEP-030101, BNL-NT-03-2, RBRC-325",
     SLACcitation  = "%%CITATION = HEP-PH/0307022;%%",
}

@article{Nadolsky:2008zw,
     author        = "Nadolsky, Pavel M. and Lai, Hung-Liang and Cao, Qing-Hong and Huston, Joey and Pumplin, Jon and others",
     title         = "{Implications of CTEQ global analysis for collider observables}",
     journal       = "Phys. Rev. D",
     volume        = "78",
     pages         = "013004",
     doi           = "10.1103/PhysRevD.78.013004",
     year          = "2008",
     eprint        = "0802.0007v3",
     archivePrefix = "arXiv",
     primaryClass  = "hep-ph",
     reportNumber  = "MSUHEP-080125, UCRHEP-T447",
     SLACcitation  = "%%CITATION = ARXIV:0802.0007;%%",
}

@article{Maltoni:2002qb,
     author        = "Maltoni, F. and Stelzer, T.",
     title         = "{{\MADGRAPH}: Automatic event generation with {\MADGRAPH}}",
     journal       = "JHEP",
     volume        = "02",
     doi           = "10.1088/1126-6708/2003/02/027",
     year          = "2003",
     eprint        = "hep-ph/0208156v1",
     archivePrefix = "arXiv",
     pages         = "027",
     SLACcitation  = "%%CITATION = HEP-PH/0208156;%%"
}

@article{Sjostrand:2006za,
     author        = "Sjostrand, Torbjorn and Mrenna, Stephen and Skands, Peter Z.",
     title         = "{\PYTHIA 6.4 Physics and Manual}",
     journal       = "JHEP",
     volume        = "05",
     pages         = "026",
     doi           = "10.1088/1126-6708/2006/05/026",
     year          = "2006",
     eprint        = "hep-ph/0603175v2",
     archivePrefix = "arXiv",
     primaryClass  = "hep-ph",
     reportNumber  = "FERMILAB-PUB-06-052-CD-T, LU-TP-06-13",
     SLACcitation  = "%%CITATION = HEP-PH/0603175;%%",
}

@article{Frixione:2007vw,
     author        = "Frixione, Stefano and Nason, Paolo and Oleari, Carlo",
     title         = "{Matching NLO QCD computations with Parton Shower simulations: the \POWHEG method}",
     journal       = "JHEP",
     volume        = "11",
     pages         = "070",
     doi           = "10.1088/1126-6708/2007/11/070",
     year          = "2007",
     eprint        = "0709.2092v1",
     archivePrefix = "arXiv",
     primaryClass  = "hep-ph",
     reportNumber  = "BICOCCA-FT-07-9, GEF-TH-21-2007",
     SLACcitation  = "%%CITATION = ARXIV:0709.2092;%%",
}

@article{Meade:2007js,
     author        = "Meade, Patrick and Reece, Matthew",
     title         = "{\textsc{bridge}: Branching ratio inquiry/decay generated events}",
     year          = "2007",
     eprint        = "hep-ph/0703031",
     archivePrefix = "arXiv",
     primaryClass  = "hep-ph",
     SLACcitation  = "%%CITATION = HEP-PH/0703031;%%",
}

@article{Alwall:2008qv,
     author        = "Alwall, Johan and de Visscher, Simon and Maltoni, Fabio",
     title         = "{QCD radiation in the production of heavy colored particles at the LHC}",
     journal       = "JHEP",
     volume        = "0902",
     pages         = "017",
     doi           = "10.1088/1126-6708/2009/02/017",
     year          = "2009",
     eprint        = "0810.5350v1",
     archivePrefix = "arXiv",
     primaryClass  = "hep-ph",
     SLACcitation  = "%%CITATION = ARXIV:0810.5350;%%",
}

@article{PhysRevD.62.077702,
     author        = "Matchev, Konstantin T. and Thomas, Scott D.",
     title         = "{Higgs and $\cPZ$ boson signatures of supersymmetry}",
     journal       = "Phys. Rev. D",
     volume        = "62",
     pages         = "077702",
     numpages      = "4",
     doi           = "10.1103/PhysRevD.62.077702",
     year          = "2000",
     eprint        = "hep-ph/9908482v1",
     publisher     = "American Physical Society",
     archivePrefix = "arXiv",
     primaryClass  = "hep-ph",
     reportNumber  = "FERMILAB-PUB-99-140-T, SU-ITP-99-35",
     SLACcitation  = "%%CITATION = HEP-PH/9908482;%%",
}

@manual{Beenakker:1996ed,
     author        = "Beenakker, W. and H{\"{o}}pker, R. and Spira, M.",
     title         = "{\PROSPINO: A program for the production of supersymmetric particles in next-to-leading order QCD}",
     year          = "1996",
     eprint        = "hep-ph/9611232v1",
     archivePrefix = "arXiv",
     primaryClass  = "hep-ph",
     SLACcitation  = "%%CITATION = HEP-PH/9611232;%%",
}

@article{Kramer:2012bx,
     author        = "Kramer, Michael and Kulesza, Anna and van der Leeuw,  Robin and Mangano, Michelangelo and Padhi, Sanjay and  others",
     title         = "{Supersymmetry production cross sections in $\Pp \Pp$ collisions at $\sqrt{s} = 7\TeV$}",
     year          = "2012",
     eprint        = "1206.2892v1",
     archivePrefix = "arXiv",
     primaryClass  = "hep-ph",
     reportNumber  = "CERN-PH-TH-2012-163",
     SLACcitation  = "%%CITATION = ARXIV:1206.2892;%%",
}

@article{Beenakker:1996ch,
     author        = "Beenakker, W. and H{\"{o}}pker, R. and Spira, M. and Zerwas, P. M.",
     title         = "{Squark and gluino production at hadron colliders}",
     journal       = "Nucl. Phys. B",
     volume        = "492",
     pages         = "51",
     doi           = "10.1016/S0550-3213(97)80027-2",
     year          = "1997",
     eprint        = "hep-ph/9610490v1",
     archivePrefix = "arXiv",
     primaryClass  = "hep-ph",
     reportNumber  = "DESY-96-150, CERN-TH-96-215",
     SLACcitation  = "%%CITATION = HEP-PH/9610490;%%",
}

@article{Kulesza:2008jb,
     author        = "Kulesza, A. and Motyka, L.",
     title         = "{Threshold resummation for squark-antisquark and gluino-pair production at the LHC}",
     journal       = "Phys. Rev. Lett.",
     volume        = "102",
     pages         = "111802",
     doi           = "10.1103/PhysRevLett.102.111802",
     year          = "2009",
     eprint        = "0807.2405v1",
     archivePrefix = "arXiv",
     primaryClass  = "hep-ph",
     reportNumber  = "DESY-08-096",
     SLACcitation  = "%%CITATION = ARXIV:0807.2405;%%",
}

@article{Kulesza:2009kq,
     author        = "Kulesza, A. and Motyka, L.",
     title         = "{Soft gluon resummation for the production of gluino-gluino and squark-antisquark pairs at the LHC}",
     journal       = "Phys. Rev. D",
     volume        = "80",
     pages         = "095004",
     doi           = "10.1103/PhysRevD.80.095004",
     year          = "2009",
     eprint        = "0905.4749v1",
     archivePrefix = "arXiv",
     primaryClass  = "hep-ph",
     reportNumber  = "DESY-09-078, PITHA-09-11",
     SLACcitation  = "%%CITATION = ARXIV:0905.4749;%%",
}

@article{Beenakker:2009ha,
     author        = "Beenakker, Wim and Brensing, Silja and Kr{\"{a}}mer, Michael and Kulesza, Anna and Laenen, Eric and Niessen, Irene",
     title         = "{Soft-gluon resummation for squark and gluino hadroproduction}",
     journal       = "JHEP",
     volume        = "12",
     pages         = "041",
     doi           = "10.1088/1126-6708/2009/12/041",
     year          = "2009",
     eprint        = "0909.4418v1",
     archivePrefix = "arXiv",
     primaryClass  = "hep-ph",
     reportNumber  = "ITP-UU-09-33, NIKHEF-2009-015",
     SLACcitation  = "%%CITATION = ARXIV:0909.4418;%%",
}

@article{Beenakker:2011fu,
     author        = "Beenakker, Wim and Brensing, Silja and Kr{\"{a}}mer, Micahael and Kulesza, Anna and Laenen, Eric and Motyka, Leszek and Niessen, Irene",
     title         = "{Squark and gluino hadroproduction}",
     journal       = "Int. J. Mod. Phys. A",
     volume        = "26",
     pages         = "2637",
     doi           = "10.1142/S0217751X11053560",
     year          = "2011",
     eprint        = "1105.1110v1",
     archivePrefix = "arXiv",
     primaryClass  = "hep-ph",
     reportNumber  = "DESY-11-060, ITFA-11-09, ITP-UU-11-13, NIKHEF-2011-011, TTK-11-12",
     SLACcitation  = "%%CITATION = ARXIV:1105.1110;%%",
}

@article{Fuks:2012qx,
     author        = "Fuks, Benjamin and Klasen, Michael and Lamprea, David R. and Rothering, Marcel",
     title         = "{Gaugino production in proton-proton collisions at a center-of-mass energy of 8 TeV}",
     journal       = "JHEP",
     volume        = "1210",
     pages         = "081",
     doi           = "10.1007/JHEP10(2012)081",
     year          = "2012",
     eprint        = "1207.2159v2",
     archivePrefix = "arXiv",
     primaryClass  = "hep-ph",
     reportNumber  = "IPHC-PHENO-12-07, MS-TP-12-05",
     SLACcitation  = "%%CITATION = ARXIV:1207.2159;%%",
}

@article{Fuks:2013vua,
     author        = "Fuks, Benjamin and Klasen, Michael and Lamprea, David R. and Rothering, Marcel",
     title         = "{Precision predictions for electroweak superpartner production at hadron colliders with Resummino}",
     journal       = "Eur. Phys. J. C",
     volume        = "73",
     pages         = "2480",
     doi           = "10.1140/epjc/s10052-013-2480-0",
     year          = "2013",
     eprint        = "1304.0790v2",
     archivePrefix = "arXiv",
     primaryClass  = "hep-ph",
     reportNumber  = "CERN-PH-TH-2013-064, IPHC-PHENO-13-02, MS-TP-13-06",
     SLACcitation  = "%%CITATION = ARXIV:1304.0790;%%",
}

@article{Chatrchyan:2013mya,
     author        = "Chatrchyan, Serguei and others",
     title         = "{Search for top squark and higgsino production using diphoton Higgs boson decays}",
     collaboration = "CMS",
     journal       = "Phys. Rev. Lett.",
     volume        = "112",
     pages         = "161802",
     doi           = "10.1103/PhysRevLett.112.161802",
     year          = "2014",
     eprint        = "1312.3310v2",
     archivePrefix = "arXiv",
     primaryClass  = "hep-ex",
     reportNumber  = "CMS-SUS-13-014, CERN-PH-EP-2013-226",
     SLACcitation  = "%%CITATION = ARXIV:1312.3310;%%",
}

@article{PhysRevLett.83.3780,
     author        = "Beenakker, W. and Klasen, M. and Kr{\"{a}}mer, M. and Plehn, T. and Spira, M. and Zerwas, P. M.",
     title         = "{Production of Charginos, Neutralinos, and Sleptons at Hadron Colliders}",
     journal       = "Phys. Rev. Lett.",
     volume        = "83",
     pages         = "3780",
     numpages      = "0",
     doi           = "10.1103/PhysRevLett.83.3780",
     year          = "1999",
     publisher     = "American Physical Society",
     url           = "http://link.aps.org/doi/10.1103/PhysRevLett.83.3780"
}

@article{PhysRevLett.100.029901,
     author        = "Beenakker, W. and Klasen, M. and Kramer, M. and Plehn, T. and Spira, M. and Zerwas, P. M.",
     title         = "{Erratum: Production of Charginos, Neutralinos, and Sleptons at Hadron Colliders [Phys. Rev. Lett. 83, 3780 (1999)]}",
     journal       = "Phys. Rev. Lett.",
     volume        = "100",
     pages         = "029901",
     numpages      = "1",
     doi           = "10.1103/PhysRevLett.100.029901",
     year          = "2008",
     publisher     = "American Physical Society",
     url           = "http://link.aps.org/doi/10.1103/PhysRevLett.100.029901"
}

@article{Dimopoulos:1996va,
     author        = "Dimopoulos, Savas and Thomas, Scott D. and Wells, James D. ",
     title         = "{Implications of low energy supersymmetry breaking at the {F}ermilab Tevatron}",
     journal       = "Phys. Rev. D",
     volume        = "54",
     doi           = "10.1103/PhysRevD.54.3283",
     year          = "1996",
     eprint        = "hep-ph/9604452v3",
     archivePrefix = "arXiv",
     pages         = "3283",
     SLACcitation  = "%%CITATION = HEP-PH/9604452;%%"
}

@article{Culbertson:2000am,
     author        = "Culbertson, Ray L. and others",
     title         = "{Low scale and gauge mediated supersymmetry breaking at the Fermilab Tevatron Run II}",
     collaboration = "SUSY Working Group Collaboration",
     year          = "2000",
     eprint        = "hep-ph/0008070v2",
     archivePrefix = "arXiv",
     primaryClass  = "hep-ph",
     reportNumber  = "FERMILAB-PUB-00-251-T, SLAC-PUB-8643,  FERMILAB-PUB-00-349",
     SLACcitation  = "%%CITATION = HEP-PH/0008070;%%",
}

@article{Essig:2011qg,
     author        = "Essig, Rouven and Izaguirre, Eder and Kaplan, Jared and Wacker, Jay G.",
     title         = "{Heavy Flavor Simplified Models at the LHC}",
     journal       = "JHEP",
     volume        = "01",
     pages         = "074",
     doi           = "10.1007/JHEP01(2012)074",
     year          = "2012",
     eprint        = "1110.6443v1",
     archivePrefix = "arXiv",
     primaryClass  = "hep-ph",
     reportNumber  = "YITP-SB-11-34, SLAC-PUB-14658",
     SLACcitation  = "%%CITATION = ARXIV:1110.6443;%%",
}

@article{Chatrchyan:2013sza,
     author        = "Chatrchyan, Serguei and others",
     title         = "{Interpretation of searches for supersymmetry with simplified models}",
     collaboration = "CMS",
     journal       = "Phys. Rev. D",
     volume        = "88",
     pages         = "052017",
     doi           = "10.1103/PhysRevD.88.052017",
     year          = "2013",
     eprint        = "1301.2175v2",
     archivePrefix = "arXiv",
     primaryClass  = "hep-ex",
     reportNumber  = "CMS-SUS-11-016, CERN-PH-EP-2012-351",
     SLACcitation  = "%%CITATION = ARXIV:1301.2175;%%",
}

@article{Lee:2012sy,
     author        = "Lee, Hyun Min and Sanz, Veronica and Trott, Michael",
     title         = "{Hitting sbottom in natural SUSY}",
     journal       = "JHEP",
     volume        = "05",
     pages         = "139",
     doi           = "10.1007/JHEP05(2012)139",
     year          = "2012",
     eprint        = "1204.0802",
     archivePrefix = "arXiv",
     primaryClass  = "hep-ph",
     reportNumber  = "CERN_PH_TH-2012-083",
     SLACcitation  = "%%CITATION = ARXIV:1204.0802;%%",
}

@article{Khachatryan:2014qwa,
     author        = "Khachatryan, Vardan and others",
     title         = "{Searches for electroweak production of charginos, neutralinos, and sleptons decaying to leptons and $\PW$, $\cPZ$, and Higgs bosons in $\Pp \Pp$ collisions at $8\TeV$}",
     collaboration = "CMS",
     year          = "2014",
     eprint        = "1405.7570",
     archivePrefix = "arXiv",
     primaryClass  = "hep-ex",
     reportNumber  = "CMS-SUS-13-006, CERN-PH-EP-2014-098",
     SLACcitation  = "%%CITATION = ARXIV:1405.7570;%%",
}

@article{PhysRevD.90.032006,
     author        = "Chatrchyan, Serguei and others",
     title         = "{Search for anomalous production of events with three or more leptons in $\Pp \Pp$ collisions at $\sqrt{s} = 8\TeV$}",
     collaboration = "CMS",
     journal       = "Phys. Rev. D",
     volume        = "90",
     pages         = "032006",
     doi           = "10.1103/PhysRevD.90.032006",
     url           = "http://link.aps.org/doi/10.1103/PhysRevD.90.032006",
     numpages      = "27",
     year          = "2014",
     publisher     = "American Physical Society",
     eprint        = "1404.5801v1",
     archivePrefix = "arXiv",
     primaryClass  = "hep-ex",
     reportNumber  = "CMS-SUS-13-002, CERN-PH-EP-2014-039",
     SLACcitation  = "%%CITATION = ARXIV:1404.5801;%%",
}

@article{CMS-PAS-SUS-13-002,
     author        = "{CMS Collaboration}",
     title         = "{A search for anomalous production of events with three or more leptons using $19.5\fbinv$ of $\sqrt{s} = 8\TeV$ LHC data}",
     collaboration = "CMS",
     journal       = "CMS Physics Analysis Summary",
     url           = "http://cds.cern.ch/record/1599719",
     volume        = "CMS-PAS-SUS-13-002",
     year          = "2013",
     reportNumber  = "CMS-PAS-SUS-13-002",
}

@article{CMS-PAS-SUS-13-006,
     author        = "{CMS Collaboration}",
     title         = "{Search for electroweak production of charginos, neutralinos, and sleptons using leptonic final states in $\Pp \Pp$ collisions at $8\TeV$}",
     institution   = "CERN",
     collaboration = "CMS",
     journal       = "CMS Physics Analysis Summary",
     url           = "http://cds.cern.ch/record/1563142",
     volume        = "CMS-PAS-SUS-13-006",
     year          = "2013",
     reportNumber  = "CMS-PAS-SUS-13-006",
}

@article{CMS-PAS-SUS-13-017,
     author        = "{CMS Collaboration}",
     title         = "{Search for electroweak production of charginos and neutralinos in final states with a Higgs boson in $\Pp \Pp$ collisions at $8\TeV$}",
     institution   = "CERN",
     collaboration = "CMS",
     journal       = "CMS Physics Analysis Summary",
     url           = "https://cds.cern.ch/record/1596278",
     volume        = "CMS-PAS-SUS-13-017",
     year          = "2013",
     reportNumber  = "CMS-PAS-SUS-13-017",
}

@article{CMS-AN-2012/342,
     author        = "Arora, S. and Chou, J.P. and Contreras-Campana, C. and Contreras-Campana, E. and Gray, R.C. and Lath, A. and Panwalkar, S. and Schnetzer, S. and Somalwar, S. and Thomas, S. and Thomassen, P. and Walker, M. and Zywicki, P.",
     title         = "{$\MET$ resolution dependence on pileup}",
     collaboration = "CMS",
     journal       = "CMS Analysis Note",
     volume        = "CMS AN-2012/342",
     year          = "2012",
     eprint        = "",
     archivePrefix = "arXiv",
     primaryClass  = "hep-ph",
     reportNumber  = "",
     url           = "http://cms.cern.ch/iCMS/jsp/openfile.jsp?tp=draft&files=AN2012_342_v5.pdf",
}

@article{CMS-AN-2012/343,
     author        = "Arora, S. and Chou, J.P. and Contreras-Campana, C. and Contreras-Campana, E. and Gray, R.C. and Lath, A. and Panwalkar, S. and Schnetzer, S. and Somalwar, S. and Thomas, S. and Thomassen, P. and Walker, M. and Zywicki, P.",
     title         = "{A search for anomalous production of events with three or more leptons using 19.5$\fbinv$ of $\sqrt{s} = 8 \TeV$ LHC data}",
     collaboration = "CMS",
     journal       = "CMS Analysis Note",
     volume        = "CMS AN-2012/343",
     year          = "2012",
     eprint        = "",
     archivePrefix = "arXiv",
     primaryClass  = "hep-ph",
     reportNumber  = "",
     url           = "http://cms.cern.ch/iCMS/jsp/openfile.jsp?tp=draft&files=AN2012_343_v32.pdf",
}

@article{CMS-AN-2012/256,
     author        = "Arora, S. and Chou, J.P. and Contreras-Campana, C. and Contreras-Campana, E. and Gray, R.C. and Lath, A. and Panwalkar, S. and Schnetzer, S. and Somalwar, S. and Thomas, S. and Thomassen, P. and Walker, M. and Zywicki, P.",
     title         = "{A Search for Direct Chargino Neutralino production with three or more leptons using $\sqrt{s} = 8\TeV$ CMS data}",
     collaboration = "CMS",
     journal       = "CMS Analysis Note",
     volume        = "CMS AN-2012/256",
     year          = "2012",
     eprint        = "",
     archivePrefix = "arXiv",
     primaryClass  = "hep-ph",
     reportNumber  = "",
     url           = "http://cms.cern.ch/iCMS/jsp/openfile.jsp?tp=draft&files=AN2012_256_v11.pdf",
}

@article{CMS-AN-2012/257,
     author        = "Arora, S. and Chou, J.P. and Contreras-Campana, C. and Contreras-Campana, E. and Gray, R.C. and Lath, A. and Panwalkar, S. and Schnetzer, S. and Somalwar, S. and Thomas, S. and Thomassen, P. and Walker, M. and Zywicki, P.",
     title         = "{Background and Efficiency Determination Methods for Multilepton Analyses}",
     collaboration = "CMS",
     journal       = "CMS Analysis Note",
     volume        = "CMS AN-2012/257",
     year          = "2012",
     eprint        = "",
     archivePrefix = "arXiv",
     primaryClass  = "hep-ph",
     reportNumber  = "",
     url           = "http://cms.cern.ch/iCMS/jsp/openfile.jsp?tp=draft&files=AN2012_257_v11.pdf",
}

@article{CMS-AN-2012/248,
     author        = "Chen, M. and Dobur, D. and Korytov, A. and Matchev, K. and Mitselmakher, G. and Muniz, L. and Remington, R. and Shchutska, L. and Skhirtladze, N. and Yelton, J. and Everaerts, P. and Cousins, R. and Hauser, J.",
     title         = "{Search for Direct Electroweak Production of Charginos and Neutralinos with the Tri-lepton Plus Missing Energy Final State}",
     collaboration = "CMS",
     journal       = "CMS Analysis Note",
     volume        = "CMS AN-2012/248",
     year          = "2012",
     eprint        = "",
     archivePrefix = "arXiv",
     primaryClass  = "hep-ph",
     reportNumber  = "",
     url           = "http://cms.cern.ch/iCMS/jsp/openfile.jsp?tp=draft&files=AN2012_248_v11.pdf",
}

@article{CMS-AN-2011/258,
     author        = " Barge, D. and Campagnari, C. and Kalavase, P. and Kovalskyi, D. and Krutelyov, V. and Ribnik, J. and Andrews, W. and Cerati, G. and Evans, D. and Golf, F. and MacNeill, I. and Padhi, S. and Tu, Y. and Wurthwein, F. and Yagil, A. and Yoo, J. and Bauerdick, L. and Bloch, I. and Burkett, K. and Fisk, I. and Gao, Y. and Gutsche, O. and Hooberman, B. and Jindariani, S. and Linacre, J.",
     title         = "{Search for New Physics with Same-Sign Dileptons using the 2011 dataset of CMS}",
     collaboration = "CMS",
     journal       = "CMS Analysis Note",
     volume        = "CMS AN-2011/258",
     year          = "2011",
     eprint        = "",
     archivePrefix = "arXiv",
     primaryClass  = "hep-ph",
     reportNumber  = "",
     url           = "http://cms.cern.ch/iCMS/jsp/openfile.jsp?tp=draft&files=AN2011_258_v4.pdf",
}

@misc{BTaggingSF,
     author        = "{CMS Internal twiki}",
     title         = "{Apply SF for b/c/light tags to directly tagged jets in MC}",
     journal       = "CMS Analysis Twiki",
     howpublished  = "\url{https://twiki.cern.ch/twiki/bin/view/CMS/BTagSFUtil}",
     SLACcitation  = "%%CITATION = CERN-ISR-PO-68-31 ETC.;%%",
}

@article{Chatrchyan:2013xna,
     author        = "Chatrchyan, Serguei and others",
     title         = "{Search for top-squark pair production in the single-lepton final state in $\Pp \Pp$ collisions at $\sqrt{s} = 8\TeV$}",
     collaboration = "CMS",
     journal       = "Eur. Phys. J. C",
     volume        = "73",
     pages         = "2677",
     doi           = "10.1140/epjc/s10052-013-2677-2",
     year          = "2013",
     eprint        = "1308.1586v2",
     archivePrefix = "arXiv",
     primaryClass  = "hep-ex",
     reportNumber  = "CMS-SUS-13-011, CERN-PH-EP-2013-148",
     SLACcitation  = "%%CITATION = ARXIV:1308.1586;%%",
}

@article{Gavin:2012sy,
     author        = "Gavin, Ryan and Li, Ye and Petriello, Frank and Quackenbush, Seth",
     title         = "{$\PW$ Physics at the LHC with FEWZ 2.1}",
     journal       = "Comput. Phys. Commun.",
     volume        = "184",
     pages         = "208",
     doi           = "10.1016/j.cpc.2012.09.005",
     year          = "2013",
     eprint        = "1201.5896v1",
     archivePrefix = "arXiv",
     primaryClass  = "hep-ph",
     reportNumber  = "ANL-HEP-PR-11-83, NUHEP-TH-12-01, PSI-PR-12-01",
     SLACcitation  = "%%CITATION = ARXIV:1201.5896;%%",
}

@article{Kidonakis:2012db,
     author        = "Kidonakis, Nikolaos",
     title         = "{Differential and total cross sections for top pair and single top production}",
     pages         = "831-834",
     doi           = "10.3204/DESY-PROC-2012-02/251",
     year          = "2012",
     eprint        = "1205.3453v1",
     archivePrefix = "arXiv",
     primaryClass  = "hep-ph",
     SLACcitation  = "%%CITATION = ARXIV:1205.3453;%%",
}

@article{Campbell:2012dh,
     author        = "Campbell, John M. and Ellis, R. Keith",
     title         = "{$\ttbar \PW^{\pm}$ production and decay at NLO}",
     journal       = "JHEP",
     volume        = "07",
     pages         = "052",
     doi           = "10.1007/JHEP07(2012)052",
     year          = "2012",
     eprint        = "1204.5678v1",
     archivePrefix = "arXiv",
     primaryClass  = "hep-ph",
     reportNumber  = "FERMILAB-PUB-12-109-T",
     SLACcitation  = "%%CITATION = ARXIV:1204.5678;%%",
}

@article{Garzelli:2012bn,
     author        = "Garzelli, M.V. and Kardos, A. and Papadopoulos, C.G. and Trocsanyi, Z.",
     title         = "{$\ttbar \PW^{\pm}$ and $\ttbar \cPZ$ Hadroproduction at NLO accuracy in QCD with Parton Shower and Hadronization effects}",
     journal       = "JHEP",
     volume        = "11",
     pages         = "056",
     doi           = "10.1007/JHEP11(2012)056",
     year          = "2012",
     eprint        = "1208.2665v1",
     archivePrefix = "arXiv",
     primaryClass  = "hep-ph",
     SLACcitation  = "%%CITATION = ARXIV:1208.2665;%%",
}

@article{Campbell:2010ff,
     author        = "Campbell, John M. and Ellis, R.K.",
     title         = "{\MCFM for the Tevatron and the LHC}",
     journal       = "Nucl. Phys. Proc. Suppl.",
     volume        = "205",
     pages         = "10",
     doi           = "10.1016/j.nuclphysbps.2010.08.011",
     year          = "2010",
     eprint        = "1007.3492v1",
     archivePrefix = "arXiv",
     primaryClass  = "hep-ph",
     reportNumber  = "FERMILAB-CONF-10-244-T",
     SLACcitation  = "%%CITATION = ARXIV:1007.3492;%%",
}

@article{Frixione:2002ik,
     author        = "Frixione, Stefano and Webber, Bryan R.",
     title         = "{Matching NLO QCD computations and parton shower simulations}",
     journal       = "JHEP",
     volume        = "06",
     pages         = "029",
     doi           = "10.1088/1126-6708/2002/06/029",
     year          = "2002",
     eprint        = "hep-ph/0204244v2",
     archivePrefix = "arXiv",
     primaryClass  = "hep-ph",
     reportNumber  = "CAVENDISH-HEP-02-01, LAPTH-905-02, GEF-TH-2-2002",
     SLACcitation  = "%%CITATION = HEP-PH/0204244;%%",
}

@article{Frixione:2003ei,
     author        = "Frixione, Stefano and Nason, Paolo and Webber, Bryan R.",
     title         = "{Matching NLO QCD and parton showers in heavy flavor production}",
     journal       = "JHEP",
     volume        = "08",
     pages         = "007",
     doi           = "10.1088/1126-6708/2003/08/007",
     year          = "2003",
     eprint        = "hep-ph/0305252v2",
     archivePrefix = "arXiv",
     primaryClass  = "hep-ph",
     reportNumber  = "BICOCCA-FT-03-11, CAVENDISH-HEP-03-03, CERN-TH-2003-102, GEF-TH-5-2003",
     SLACcitation  = "%%CITATION = HEP-PH/0305252;%%",
}

@article{Frederix:2011ss,
     author        = "Frederix, Rikkert and Frixione, Stefano and Hirschi, Valentin and Maltoni, Fabio and Pittau, Roberto and others",
     title         = "{Four-lepton production at hadron colliders: \MCATNLO predictions with theoretical uncertainties}",
     journal       = "JHEP",
     volume        = "02",
     pages         = "099",
     doi           = "10.1007/JHEP02(2012)099",
     year          = "2012",
     eprint        = "1110.4738v1",
     archivePrefix = "arXiv",
     primaryClass  = "hep-ph",
     reportNumber  = "CERN-PH-TH-2011-250, CP3-11-32, ZU-TH-19-11, NSF-KITP-11-115",
     SLACcitation  = "%%CITATION = ARXIV:1110.4738;%%",
}

@techreport{ATLAS:2011tau,
     author        = "{ATLAS and CMS Collaboration}",
     title         = "{Procedure for the LHC Higgs boson search combination in summer 2011}",
     collaboration = "ATLAS and CMS",
     institution   = "CERN",
     year          = "2011",
     url           = "http://cds.cern.ch/record/1375842",
     reportNumber  = "ATL-PHYS-PUB-2011-011, ATL-COM-PHYS-2011-818, CMS-NOTE-2011-005",
     SLACcitation  = "%%CITATION = ATL-PHYS-PUB-2011-011 ETC.;%%",
}

@article{Mistlberger:2012rs,
     author        = "Mistlberger, Bernhard and Dulat, Falko",
     title         = "{Limit setting procedures and theoretical uncertainties in Higgs boson searches}",
     year          = "2012",
     eprint        = "1204.3851v2",
     archivePrefix = "arXiv",
     primaryClass  = "hep-ph",
     SLACcitation  = "%%CITATION = ARXIV:1204.3851;%%",
}

@article{Cowan:2010js,
     author        = "Cowan, Glen and Cranmer, Kyle and Gross, Eilam and Vitells, Ofer",
     title         = "{Asymptotic formulae for likelihood-based tests of new physics}",
     journal       = "Eur. Phys. J. C",
     volume        = "71",
     pages         = "1554",
     doi           = "10.1140/epjc/s10052-011-1554-0, 10.1140/epjc/s10052-013-2501-z",
     year          = "2011",
     eprint        = "1007.1727v3",
     archivePrefix = "arXiv",
     primaryClass  = "physics.data-an",
     SLACcitation  = "%%CITATION = ARXIV:1007.1727;%%",
}

@article{Read:2000ru,
     author        = "A. L. Read",
     title         = "{Modified frequentist analysis of search results (the $CL_{s}$ method) in ``Workshop on Confidence Limits'', Eds. F. James, L. Lyons, and Y. Perrin}",
     note          = "p. 81.",
     year          = "2000",
     url           = "http://cds.cern.ch/record/451614",
     reportNumber  = "CERN-OPEN-2000-205",
     SLACcitation  = "%%CITATION = CERN-OPEN-2000-205 ETC.;%%",
}

@article{Read:2002hq,
     author        = "A. L. Read",
     title         = "{Presentation of search results: The CL(s) technique}",
     journal       = "J. Phys. G",
     volume        = "28",
     doi           = "10.1088/0954-3899/28/10/313",
     year          = "2002",
     pages         = "2693",
     SLACcitation  = "%%CITATION = JPHGB,G28,2693;%%"
}

@article{LandSsoftware,
     author        = "{Mingshui Chen, et al.}",
     title         = {LandS software package},
     url           = "http://cern.ch/mschen/LandS",
     year          = "2013", 
}

@article{Cousins,
     author        = "{Bob Cousins, et al.}",
     title         = {Probability Density Functions for Positive Nuisance Parameters},
     collaboration = "CMS",
     url           = "http://www.physics.ucla.edu/~cousins/stats/cousins_lognormal_prior.pdf",
     year          = "2010",
}

@techreport{CMS-PAS-EXO-14-001,
      title         = "{Search for heavy lepton partners of neutrinos in pp
                       collisions at 8 TeV, in the context of type III seesaw
                       mechanism}",
      institution   = "CERN",
      collaboration = "CMS",
      address       = "Geneva",
      number        = "CMS-PAS-EXO-14-001",
      year          = "2015",
      reportNumber  = "CMS-PAS-EXO-14-001",
      url           = "http://cds.cern.ch/record/2000982",
}

@Article{CMS-PAPER-EXO-11-073,
     author    = "",
     collaboration = "CMS",
     title     = "Search for heavy lepton partners of neutrinos in proton-proton collisions in the context of the type III seesaw mechanism",
     journal   = "Phys. Lett. D",
     volume    = "718",
     year      = "2012",
     pages     = "348",
     eprint = "1210.1797",
    doi = "10.1016/j.physletb.2012.10.070"
}

@Article{ATLAS-CERN-PH-EP-2015-094,
     author    = "",
     collaboration = "ATLAS",
     title     = "Search for type-III Seesaw heavy leptons in pp collisions at 8 TeV with the ATLAS Detector",
     journal   = "Phys. Lett. D",
     volume    = "92",
     year      = "2015",
     pages     = "032001",
     eprint = "1506.01839",
     doi = "10.1103/PhysRevD.92.032001"
}

@Article{SeesawIII_first,
     author    = "Foot, R. and Lew, H. and He, X.G. and Joshi, G.C.",
 collaboration = "",
     title     = "See-saw neutrino masses induced by a triplet of leptons",
     journal   = "Z. Phys. C",
     volume    = "44",
     year      = "1989",
     pages     = "",
     doi       = "10.1007/BF01415558"
}

@Article{SeesawIII_Biggio,
     author    = "C. Biggio and F. Bonnet",
 collaboration = "",
     title     = "Implementation of the type III seesaw model in FeynRules/MadGraph and prospects for discovery with early LHC data",
     journal   = "Eur. Phys.J. C",
     volume    = "72",
     year      = "2012",
     pages     = "1899",
     doi       = "10.1140/epjc/s10052-012-1899-z",
     eprint = " 1107.3463v3"
}

@Article{Junk:1999kv,
     author    = "Junk, Thomas",
     title     = "{Confidence Level Computation for Combining Searches with
                  Small Statistics}",
     journal   = "Nucl. Instrum. Meth.",
     volume    = "A434",
     year      = "1999",
     pages     = "435-443",
     eprint    = "hep-ex/9902006",
     archivePrefix = "arXiv",
     doi       = "10.1016/S0168-9002(99)00498-2",
     SLACcitation  = "%%CITATION = HEP-EX/9902006;%%"
}

@article{Alwall:2011uj,
      author         = "Alwall, Johan and Herquet, Michel and Maltoni, Fabio and
                        Mattelaer, Olivier and Stelzer, Tim",
      title          = "{MadGraph 5 : Going Beyond}",
      journal        = "JHEP",
      volume         = "06",
      year           = "2011",
      pages          = "128",
      doi            = "10.1007/JHEP06(2011)128",
      eprint         = "1106.0522",
      archivePrefix  = "arXiv",
      primaryClass   = "hep-ph",
      reportNumber   = "FERMILAB-PUB-11-448-T",
      SLACcitation   = "%%CITATION = ARXIV:1106.0522;%%"
}

@article{Khachatryan:2014mma,
      author         = "Khachatryan, Vardan and others",
      title          = "{Searches for electroweak neutralino and chargino
                        production in channels with Higgs, Z, and W bosons in pp
                        collisions at 8 TeV}",
      collaboration  = "CMS",
      journal        = "Phys. Rev.",
      volume         = "D90",
      year           = "2014",
      number         = "9",
      pages          = "092007",
      doi            = "10.1103/PhysRevD.90.092007",
      eprint         = "1409.3168",
      archivePrefix  = "arXiv",
      primaryClass   = "hep-ex",
      reportNumber   = "CMS-SUS-14-002, CERN-PH-EP-2014-216",
      SLACcitation   = "%%CITATION = ARXIV:1409.3168;%%"
}

@article{Chatrchyan:2013xsw,
      author         = "Chatrchyan, Serguei and others",
      title          = "{Search for top squarks in $R$-parity-violating
                        supersymmetry using three or more leptons and b-tagged
                        jets}",
      collaboration  = "CMS",
      journal        = "Phys. Rev. Lett.",
      volume         = "111",
      year           = "2013",
      number         = "22",
      pages          = "221801",
      doi            = "10.1103/PhysRevLett.111.221801",
      eprint         = "1306.6643",
      archivePrefix  = "arXiv",
      primaryClass   = "hep-ex",
      reportNumber   = "CMS-SUS-13-003, CERN-PH-EP-2013-093",
      SLACcitation   = "%%CITATION = ARXIV:1306.6643;%%"
}

@article{Chatrchyan:2014aea,
      author         = "Chatrchyan, Serguei and others",
      title          = "{Search for anomalous production of events with three or
                        more leptons in $pp$ collisions at $\sqrt(s) =$ 8 TeV}",
      collaboration  = "CMS",
      journal        = "Phys. Rev.",
      volume         = "D90",
      year           = "2014",
      pages          = "032006",
      doi            = "10.1103/PhysRevD.90.032006",
      eprint         = "1404.5801",
      archivePrefix  = "arXiv",
      primaryClass   = "hep-ex",
      reportNumber   = "CMS-SUS-13-002, CERN-PH-EP-2014-039",
      SLACcitation   = "%%CITATION = ARXIV:1404.5801;%%"
}

@article{Khachatryan:2014jya,
      author         = "Khachatryan, Vardan and others",
      title          = "{Searches for heavy Higgs bosons in two-Higgs-doublet
                        models and for $t \to ch$ decay using multilepton and
                        diphoton final states in $pp$ collisions at 8 TeV}",
      collaboration  = "CMS",
      journal        = "Phys. Rev.",
      volume         = "D90",
      year           = "2014",
      pages          = "112013",
      doi            = "10.1103/PhysRevD.90.112013",
      eprint         = "1410.2751",
      archivePrefix  = "arXiv",
      primaryClass   = "hep-ex",
      reportNumber   = "CMS-HIG-13-025, CERN-PH-EP-2014-239",
      SLACcitation   = "%%CITATION = ARXIV:1410.2751;%%"
}

@techreport{Gray:1388528,
      author        = "Gray, Richard C and Kilic, Can and Park, Michael and
                       Somalwar, Sunil and Thomas, Scott",
      title         = "{Backgrounds To Higgs Boson Searches from Asymmetric
                       Internal Conversion}",
      number        = "arXiv:1110.1368",
      month         = "Oct",
      year          = "2011",
      reportNumber  = "arXiv:1110.1368",
      url           = "https://cds.cern.ch/record/1388528",
      note          = "Comments: 16 pages, 5 figures",
}

@Article{Nustatus,
     author    = "Capozzi, F. and Fogli,G.L. and Lisi,E. and Marrone,A. and Montanino,D. and Palazzo,A.",
     collaboration = "",
     title     = "Status of three-neutrino oscillation parameters, circa 2013",
     journal   = "Phys. Rev. D",
     volume    = "89",
     year      = "2014",
     pages     = "093018",
     eprint    = "1312.2878"
}

@Article{SeesawI,
     author    = "T. Han and B. Zhang",
 collaboration = "",
     title     = "Signatures for Majorana neutrinos at hadron colliders",
     journal   = "Phys. Rev. Lett.",
     volume    = "97",
     year      = "2006",
     pages     = "",
     doi       = "10.1103/PhysRevLett.97.171804",
     eprint  = "hep-ph/0604064"
}

@Article{typeIa,
      AUTHOR 	= "Minkowski, P.",
      TITLE 	= "${\Pgm} \to {\Pe} \gamma$ at a rate of one out of $10^9$ muon decays?",
      JOURNAL 	= "Phys. Lett. B",
      VOLUME 	= "67",
      YEAR 	= "1977",
      pages 	= "421",
      doi       = "10.1016/0370-2693(77)90435-X"
}

@article{typeIb,
      author         = "Mohapatra, R.N. and Rabindra, N. and Senjanovic, G.",
      title          = "Neutrino Mass and Spontaneous Parity Violation",
      journal        = "Phys. Rev. Lett.",
      volume         = "44",
      pages          = "912",
      doi            = "10.1103/PhysRevLett.44.912",
      year           = "1980"
}

@article{typeIc,
      author         = "Gell-Mann,M. and Ramond, P. and Slansky, R.",
      title          = "Neutrino Mass in seesaw type I",
      journal        = "Sanibel Talk",
      volume         = "CALT-68-709",
      pages          = "",
      doi            = "",
      year           = "1979"
}

@article{typeId,
      author         = "Sugamoto,A.",
      title          = "Neutrinos and Explosive Events in the Universe",
      journal        = "KEK Report ",
      volume         = "79-18",
      pages          = "95",
      doi            = "",
      year           = "1979"
}

@article{typeIe,
      author         = "T. Yanagida",
      title          = "Neutrino Mass in seesaw type I",
      journal        = "Proc. of the Workshop on Unified Theory and Baryon Number of the Universe",
      volume         = "64",
      pages          = "1103",
      doi            = "",
      year           = "1979"
}

@article{typeIf,
     author         = "Schechter, J. and Valle, J.",
     title 	    = "Standard and non-standard neutrino oscillations",     
     journal        = "Phys. Rev. D",
     volume         = "25",
     pages          = "774",
     year           = "1982"
}

@Article{SeesawI:b,
     author    = "F. del Aguila, J. Aguilar-Saavedra and R. Pittau",
 collaboration = "",
     title     = "Heavy neutrino signals at large hadron colliders",
     journal   = "JHEP",
     volume    = "0710",
     year      = "2007",
     pages     = "",
     doi       = "10.1088/1126-6708/2007/10/047"
}

@Article{SeesawI:c,
     author    = "J. Kersten and A. Y. Smirnov",
 collaboration = "",
     title     = "Right-Handed Neutrinos at LHC and the Mechanism of Neutrino Mass Generation",
     journal   = "Phys.Rev. D",
     volume    = "76",
     year      = "2007",
     pages     = "",
     doi       = "10.1103/PhysRevD.76.073005"
}


@article{typeIIa,
     author         = "Magg, M. and Wetterich, C.",
     title 	    = "Neutrino Mass Problem and Gauge Hierarchy",     
     journal        = "Phys. Rev. B",
     volume         = "94",
     pages          = "61",
     year           = "1980",
     doi            = "10.1016/0370-2693(80)90825-4"
}

@article{typeIIb,
     author         = "Schechter, J. and Valle, J.",
     title 	    = "Neutrino masses in {SU(2)xU(1)} theories",     
     journal        = "Phys. Rev. D",
     volume         = "22",
     pages          = "2227",
     year           = "1980",
     doi            = "10.1103/PhysRevD.22.2227"
}

@article{typeIIc,
     author         = "Wetterich, C.",
     title 	    = "Neutrino Masses and the Scale of B-L Violation",     
     journal        = "Nucl. Phys. B",
     volume         = "187",
     pages          = "343",
     year           = "1981",
     doi            = "10.1016/0550-3213(81)90279-0"
}

@article{typeIId,
     author         = "Lazarides, G. and Shafi, Q. and Wetterich, C.",
     title 	    = "Proton Lifetime and Fermion Masses in an {SO(10)} Model",     
     journal        = "Nucl. Phys. B",
     volume         = "181",
     pages          = "287",
     year           = "1981",
     doi            = "10.1016/0550-3213(81)90354-0"
}

@article{typeIIe,
      author         = "Mohapatra, R.N. and Senjanovic, G.",
      title          = "Neutrino Masses and Mixings in Gauge Models with Spontaneous Parity Violation",
      journal        = "Phys. Rev. D",
      volume         = "23",
      pages          = "165",
      year           = "1981",
      doi = "10.1103/PhysRevD.23.165"
}

@Article{SeesawII:a,
     author    = "M. Muhlleitner and M. Spira",
 collaboration = "",
     title     = "A Note on Doubly-Charged Higgs Pair Production at Hadron Colliders",
     journal   = "Phys.Rev. D",
     volume    = "68",
     year      = "2003",
     pages     = "",
     doi       = "10.1103/PhysRevD.68.117701"
}
@Article{SeesawII:b,
     author    = "A. Akeroyd and M. Aoki",
 collaboration = "",
     title     = "Single and Pair Production of Doubly Charged Higgs Bosons at Hadron Colliders",
     journal   = "Phys.Rev. D",
     volume    = "72",
     year      = "2005",
     pages     = "",
     doi       = "10.1103/PhysRevD.72.035011"
}
@Article{SeesawII:c,
     author    = "W. Chao,Z.-G. Si,Z.-z. Xing and S. Zhou",
 collaboration = "",
     title     = "Correlative signatures of heavy Majorana neutrinos and doubly-charged Higgs bosons at the Large Hadron Collider",
     journal   = "Phys.Lett.",
     volume    = "B666",
     year      = "2008",
     pages     = "",
     doi       = "10.1016/j.physletb.2008.08.003"
}

@Article{SeesawIICMSex,
     author    = "",
 collaboration = "CMS",
     title     = "A search for a doubly-charged Higgs boson in pp collisions at 7 TeV",
     journal   = "Eur. Phys. J. C",
     volume    = "72",
     year      = "2012",
     pages     = "2189",
     doi       = "10.1140/epjc/s10052-012-2189-5",
     eprint    = "1207.2666"   
}

@Article{SeesawIIPETRA,
     author    = "Swartz, M.L.",
 collaboration = "",
     title     = "Limits on doubly charged Higgs boson and lepton flavor violation",
     journal   = "Phys. Rev. D",
     volume    = "40",
     year      = "1989",
     pages     = "1521",
     doi       = "10.1103/PhysRevD.40.1521"
}

@Article{SeesawIISLAC,
     author    = "Swartz, M.L.",
 collaboration = "",
     title     = "A search for doubly charged Higgs scalars in Z decay",
     journal   = "Phys. Rev. Lett.",
     volume    = "64",
     year      = "1990",
     pages     = "2877",
     doi       = "10.1103/PhysRevLett.64.2877"
}

@Article{SeesawIIHERA,
     author    = "",
 collaboration = "H1",
     title     = "Search for doubly-charged Higgs boson production at HERA",
     journal   = "Phys. Lett. B",
     volume    = "638",
     year      = "2006",
     pages     = "432",
     doi       = "10.1016/j.physletb.2006.05.061",
     eprint    = "hep-ex/0604027"
}

@Article{SeesawIIL3,
     author    = "",
 collaboration = "L3",
     title     = "Search for doubly charged Higgs bosons at LEP",
     journal   = "Phys. Lett. B",
     volume    = "576",
     year      = "2003",
     pages     = "18",
     doi       = "10.1016/j.physletb.2003.09.082",
     eprint    = "hep-ex/0309076"
}

@Article{SeesawIIDELPHI,
     author    = "",
 collaboration = "DELPHI",
     title     = "Search for doubly charged Higgs bosons at LEP-2",
     journal   = "Phys. Lett. B",
     volume    = "552",
     year      = "2003",
     pages     = "127",
     doi       = "10.1016/S0370-2693(02)03125-8",
     eprint    = "hep-ex/0303026"
}

@Article{SeesawIIOPAL,
     author    = "",
 collaboration = "OPAL",
     title     = "Search for the single production of doubly charged Higgs bosons and constraints on their couplings from Bhabha scattering",
     journal   = "Phys. Lett. B",
     volume    = "577",
     year      = "2003",
     pages     = "93",
     doi       = "10.1016/j.physletb.2003.10.034",
     eprint    = "hep-ex/0308052"
}

@Article{SeesawIICDF,
     author    = "",
 collaboration = "CDF",
     title     = "Search for new physics in high p T like-sign dilepton events at CDF II",
     journal   = "Phys. Rev. Lett.",
     volume    = "107",
     year      = "2011",
     pages     = "181801",
     doi       = "10.1103/PhysRevLett.107.181801",
     eprint    = "1108.0101"
}

@Article{SeesawIIATLAS,
     author    = "",
 collaboration = "ATLAS",
     title     = "Search for anomalous production of prompt like-sign muon pairs and constraints on physics beyond the Standard Model with the ATLAS detector",
     journal   = "Phys. Rev. D",
     volume    = "88",
     year      = "2012",
     pages     = "032004",
     doi       = "10.1103/PhysRevD.85.032004",
     eprint    = "1201.1091"
}

@Article{SeesawIII:a,
     author    = "Foot, R. and Lew, H. and He, X.G. and Joshi, G.C.",
 collaboration = "",
     title     = "See-saw neutrino masses induced by a triplet of leptons",
     journal   = "Z. Phys. C",
     volume    = "44",
     year      = "1989",
     pages     = "",
     doi       = "10.1007/BF01415558"
}
@Article{SeesawIII:b,
     author    = "R. Franceschini, T. Hambye and A. Strumia",
 collaboration = "",
     title     = "Type-III see-saw at LHC",
     journal   = "Phys.Rev. D",
     volume    = "78",
     year      = "2008",
     pages     = "",
     doi       = "10.1103/PhysRevD.78.033002"
}
@Article{SeesawIII:c,
     author    = "F. del Aguila and J. Aguilar-Saavedra",
 collaboration = "",
     title     = "Distinguishing seesaw models at LHC with multi-lepton signals",
     journal   = "Nucl. Phys. B",
     volume    = "813",
     year      = "2009",
     pages     = "",
     doi       = "10.1016/j.nuclphysb.2008.12.029"
}

@Article{SeesawIII:d,
     author    = "C. Biggio and F. Bonnet",
 collaboration = "",
     title     = "Implementation of the type III seesaw model in FeynRules/MadGraph and prospects for discovery with early LHC data",
     journal   = "Eur. Phys.J. C",
     volume    = "72",
     year      = "2012",
     pages     = "1899",
     doi       = "10.1140/epjc/s10052-012-1899-z",
     eprint = " 1107.3463v3"
}

@Article{Seesawinverse,
     author    = "Gonzalez-Garcia, M.C. and Valle, J.",
     collaboration = "",
     title     = "Fast decaying neutrinos and observable flavor violation in a new class of Majoron models",
     journal   = "Phys. Lett. B",
     volume    = "216",
     year      = "1989",
     pages     = "360",
     doi       = "10.1016/0370-2693(89)91131-3"
}

@Article{SeesawinverseBIS,
     author    = "C. Biggio and F. Bonnet",
     collaboration = "",
     title     = "A Simple Realization of the Inverse Seesaw Mechanism",
     journal   = "Phys. Rev. D",
     volume    = "86",
     year      = "2012",
     pages     = "035007",
     doi       = "10.1103/PhysRevD.86.035007"
}

@Article{SeesawICMS,
     author    = "",
     collaboration = "CMS",
     title     = "Search for heavy Majorana neutrinos in dimuon and dielectron events in pp collisions at 7 TeV",
     journal   = "Phys. Lett. B",
     volume    = "717",
     year      = "2012",
     pages     = "109",
     DOI       = "10.1016/j.physletb.2012.09.012",
     ePrint    = "1207.6079",
}

@Article{SeesawIL3,
     author    = "",
     collaboration = "L3",
     title     = "Search for isosinglet neutral heavy leptons in Z decays",
     journal   = "Phys. Lett. B",
     volume    = "295",
     year      = "1992",
     pages     = "371",
     DOI       = "10.1016/0370-2693(92)91579-X"
}

@Article{SeesawIDELPHI,
     author    = "",
     collaboration = "DELPHI",
     title     = "Search for neutral heavy leptons produced in Z decays",
     journal   = "Z. Phys. C",
     volume    = "74",
     year      = "1997",
     pages     = "57",
     DOI       = "10.1007/s002880050370"
}

@Article{SeesawIATLAS1,
     author    = "",
     collaboration = "ATLAS",
     title     = "Inclusive search for same-sign dilepton signatures in pp collisions at 7 TeV with the ATLAS detector",
     journal   = "JHEP",
     volume    = "10",
     year      = "2011",
     pages     = "107",
     DOI       = "10.1007/JHEP10(2011)107",
     eprint    = "1108.0366"
}

@Article{SeesawIATLAS2,
     author    = "",
     collaboration = "ATLAS",
     title     = "Search for heavy neutrinos and right-handed W bosons in events with two leptons and jets in pp collisions at s = 7 TeV with the ATLAS detector",
     journal   = "Eur. Phys. J. C",
     volume    = "72",
     year      = "2012",
     pages     = "2056",
     DOI       = "10.1140/epjc/s10052-012-2056-4",
     eprint    = "1203.5420"
}

@Article{SeesawIItheory,
     author    = "Del Aguila, F. and others",
     collaboration = "",
     title     = "Electroweak constraints on seesaw messangers and their implications for LHC",
     journal   = "Moriond 2008 EW Session",
     volume    = "",
     year      = "2008",
     pages     = "",
     eprint    = "0806.1023"
}

@Article{SeesawIICMS1,
     author    = "",
     collaboration = "CMS",
     title     = "Search for a heavy neutrino and right-handed W of the left-right symmetric model in pp collisions at 7 TeV ",
     journal   = "PAS EXO 11 002",
     volume    = "",
     year      = "2011",
     pages     = "",
	eprint = ""
}

@Article{SeesawIICMS2,
     author    = "",
     collaboration = "CMS",
     title     = "Search for a heavy neutrino and right-handed W of the left-right symmetric model in pp collisions at 8 TeV",
     journal   = "PAS EXO 12 017",
     volume    = "",
     year      = "2012",
     pages     = "",
	eprint = "http://cds.cern.ch/record/1460445"
}

@Article{typeIIIconstraint,
     author    = "Del Aguila, F. and De Blas, J.",
     collaboration = "",
     title     = "Effects of new leptons in electroweak precision data",
     journal   = "Phys. Rev. D",
     volume    = "78",
     year      = "2008",
     pages     = "13",
    doi = "10.1103/PhysRevD.78.013010", 
	eprint = "0803.4008"
}

@Article{SeesawIIIour,
     author    = "",
     collaboration = "CMS",
     title     = "Search for heavy lepton partners of neutrinos in proton-proton collisions in the context of the type III seesaw mechanism",
     journal   = "Phys. Lett. D",
     volume    = "718",
     year      = "2012",
     pages     = "348",
     eprint = "1210.1797",
    doi = "10.1016/j.physletb.2012.10.070 "
}

@Article{seesawRE,
     author    = "Aguilar Saavedra,J.A. and Boavida, P.M and Joaquim, F.R.",
     collaboration = "",
     title     = "Flavoured searches for type-III seesaw at the LHC",
     journal   = "Phys. Lett. D",
     volume    = "88",
     year      = "2013",
     pages     = "113008",
	doi    = "10.1103/PhysRevD.88.113008",
	eprint = "1308.3226"
}

@techreport{CMS-PAS-SUS-15-011,
      title         = "{Search for new  physics in final states with two
                       opposite-sign same-flavor leptons, jets and missing
                       transverse momentum in pp collisions at sqrt(s)=13 TeV}",
      institution   = "CERN",
      collaboration = "CMS Collaboration",
      address       = "Geneva",
      number        = "CMS-PAS-SUS-15-011",
      year          = "2015",
      reportNumber  = "CMS-PAS-SUS-15-011",
      url           = "https://cds.cern.ch/record/2114811",
}

@techreport{CMS-PAS-BTV-13-001,
      title         = "{Performance of b tagging at sqrt(s)=8 TeV in multijet,
                       ttbar and boosted topology events}",
      institution   = "CERN",
      collaboration = "CMS Collaboration",
      address       = "Geneva",
      number        = "CMS-PAS-BTV-13-001",
      year          = "2013",
      reportNumber  = "CMS-PAS-BTV-13-001",
      url           = "https://cds.cern.ch/record/1581306",
}

@techreport{CMS-PAS-PFT-09-001,
      title         = "{Particle-Flow Event Reconstruction in CMS and Performance
                       for Jets, Taus, and MET}",
      institution   = "CERN",
      collaboration = "CMS",
      address       = "2009. Geneva",
      number        = "CMS-PAS-PFT-09-001",
      month         = "Apr",
      year          = "2009",
      reportNumber  = "CMS-PAS-PFT-09-001",
      url           = "https://cds.cern.ch/record/1194487",
}

@techreport{CMS-PAS-SUS-15-008,
      title         = "{Search for SUSY in same-sign dilepton events at
                       sqrt{s}=13 TeV}",
      institution   = "CERN",
      collaboration = "CMS",
      address       = "Geneva",
      number        = "CMS-PAS-SUS-15-008",
      year          = "2015",
      reportNumber  = "CMS-PAS-SUS-15-008",
      url           = "https://cds.cern.ch/record/2114813",
}

@article{Sjostrand:2007gs,
      author         = "Sjöstrand, Torbjorn and Mrenna, Stephen and Skands, Peter
                        Z.",
      title          = "{A Brief Introduction to PYTHIA 8.1}",
      journal        = "Comput. Phys. Commun.",
      volume         = "178",
      year           = "2008",
      pages          = "852-867",
      doi            = "10.1016/j.cpc.2008.01.036",
      eprint         = "0710.3820",
      archivePrefix  = "arXiv",
      primaryClass   = "hep-ph",
      reportNumber   = "CERN-LCGAPP-2007-04, LU-TP-07-28,
                        FERMILAB-PUB-07-512-CD-T",
      SLACcitation   = "%%CITATION = ARXIV:0710.3820;%%"
}

@techreport{CMS-PAS-JME-12-002,
      title         = "{MET performance in 8 TeV data}",
      institution   = "CERN",
      collaboration = "CMS Collaboration",
      address       = "Geneva",
      number        = "CMS-PAS-JME-12-002",
      year          = "2013",
      reportNumber  = "CMS-PAS-JME-12-002",
      url           = "https://cds.cern.ch/record/1543527",
}

@Article{Chatrchyan:2008zzk,
     author    = "Chatrchyan, S. and others",
     collaboration = "CMS",
     title     = "The {CMS} experiment at the {CERN} {LHC}",
     journal   = "JINST",
     volume    = "3",
     year      = "2008",
     pages     = "S08004",
     doi       = "10.1088/1748-0221/3/08/S08004",
     SLACcitation  = "%%CITATION = JINST,3,S08004;%%"
}

@book{i2003gauge,
  title={Gauge Theories in Particle Physics: Volume I: From Relativistic Quantum Mechanics to QED, Third Edition},
  author={I.J.R. Aitchison and A.J.G. Hey},
  isbn={9780750308649},
  lccn={88019162},
  series={Gauge Theories in Particle Physics: A Practical Introduction},
  url={https://books.google.ch/books?id=7cX8nQEACAAJ},
  year={2003},
  publisher={Taylor \& Francis}
}
@book{aitchison2003gauge,
  title={Gauge Theories in Particle Physics, Volume II: QCD and the Electroweak Theory, Third Edition},
  author={Aitchison, I.J.R. and Hey, A.J.G.},
  isbn={9780849387760},
  series={Graduate Student Series in Physics},
  url={https://books.google.ch/books?id=-mDjFSUDQsEC},
  year={2003},
  publisher={CRC Press}
}

@article{Rehermann:2010vq,
      author         = "Rehermann, Keith and Tweedie, Brock",
      title          = "{Efficient Identification of Boosted Semileptonic Top
                        Quarks at the LHC}",
      journal        = "JHEP",
      volume         = "03",
      year           = "2011",
      pages          = "059",
      doi            = "10.1007/JHEP03(2011)059",
      eprint         = "1007.2221",
      archivePrefix  = "arXiv",
      primaryClass   = "hep-ph",
      SLACcitation   = "%%CITATION = ARXIV:1007.2221;%%"
}

@article{Chatrchyan:2012jua,
      author         = "Chatrchyan, Serguei and others",
      title          = "{Identification of b-quark jets with the CMS experiment}",
      collaboration  = "CMS",
      journal        = "JINST",
      volume         = "8",
      year           = "2013",
      pages          = "P04013",
      doi            = "10.1088/1748-0221/8/04/P04013",
      eprint         = "1211.4462",
      archivePrefix  = "arXiv",
      primaryClass   = "hep-ex",
      reportNumber   = "CMS-BTV-12-001, CERN-PH-EP-2012-262",
      SLACcitation   = "%%CITATION = ARXIV:1211.4462;%%"
}

@techreport{CMS-PAS-BTV-13-001,
      title         = "{Performance of b tagging at sqrt(s)=8 TeV in multijet,
                       ttbar and boosted topology events}",
      institution   = "CERN",
      collaboration = "CMS",
      address       = "Geneva",
      number        = "CMS-PAS-BTV-13-001",
      year          = "2013",
      reportNumber  = "CMS-PAS-BTV-13-001",
      url           = "https://cds.cern.ch/record/1581306",
}

@unpublished{Christiane:1260465,
      author        = "Christiane Lefèvre",
      title         = "{The CERN accelerator complex. Complexe des
                       accélérateurs du CERN}",
      month         = "Dec",
      year          = "2008",
      reportNumber  = "CERN-DI-0812015",
      url           = "https://cds.cern.ch/record/1260465",
}

@article{1748-0221-3-08-S08001,
  author={Lyndon Evans and Philip Bryant},
  title={{LHC} Machine},
  journal={Journal of Instrumentation},
  volume={3},
  number={08},
  pages={S08001},
  url={http://stacks.iop.org/1748-0221/3/i=08/a=S08001},
  year={2008},
  abstract={The Large Hadron Collider (LHC) at CERN near Geneva is the world's newest and most powerful tool for Particle Physics research. It is designed to collide proton beams with a centre-of-mass energy of 14 TeV and an unprecedented luminosity of 10 34 cm −2 s −1 . It can also collide heavy (Pb) ions with an energy of 2.8 TeV per nucleon and a peak luminosity of 10 27 cm −2 s −1 . In this paper, the machine design is described.}
}

@book{bock2013particle,
  title={The Particle Detector BriefBook},
  author={Bock, R. and Vasilescu, A.},
  isbn={9783662037270},
  series={Accelerator Physics},
  url={https://books.google.fr/books?id=GS7qCAAAQBAJ},
  year={2013},
  publisher={Springer Berlin Heidelberg}
}

@article{Aad:2015zhl,
      author         = "Aad, Georges and others",
      title          = "{Combined Measurement of the Higgs Boson Mass in $pp$
                        Collisions at $\sqrt{s}=7$ and 8 TeV with the ATLAS and
                        CMS Experiments}",
      booktitle      = "{Proceedings, Meeting of the APS Division of Particles
                        and Fields (DPF 2015)}",
      collaboration  = "ATLAS, CMS",
      journal        = "Phys. Rev. Lett.",
      volume         = "114",
      year           = "2015",
      pages          = "191803",
      doi            = "10.1103/PhysRevLett.114.191803",
      eprint         = "1503.07589",
      archivePrefix  = "arXiv",
      primaryClass   = "hep-ex",
      reportNumber   = "ATLAS-HIGG-2014-14, CMS-HIG-14-042, CERN-PH-EP-2015-075",
      SLACcitation   = "%%CITATION = ARXIV:1503.07589;%%"
}

@article{ATLAS:2014wva,
      title          = "{First combination of Tevatron and LHC measurements of
                        the top-quark mass}",
      collaboration  = "ATLAS, CDF, CMS, D0",
      year           = "2014",
      eprint         = "1403.4427",
      archivePrefix  = "arXiv",
      primaryClass   = "hep-ex",
      reportNumber   = "ATLAS-CONF-2014-008, CDF-NOTE-11071, CMS-PAS-TOP-13-014,
                        D0-NOTE-6416, FERMILAB-TM-2582-E",
      SLACcitation   = "%%CITATION = ARXIV:1403.4427;%%"
}

@article{Hikasa:1992je,
      author         = "Hikasa, K. and others",
      title          = "{Review of particle properties. Particle Data Group}",
      collaboration  = "Particle Data Group",
      journal        = "Phys. Rev.",
      volume         = "D45",
      year           = "1992",
      pages          = "S1",
      doi            = "10.1103/PhysRevD.46.5210, 10.1103/PhysRevD.45.S1",
      note           = "[Erratum: Phys. Rev.D46,5210(1992)]",
      SLACcitation   = "%%CITATION = PHRVA,D45,S1;%%"
}

@MastersThesis{Thomassen2012,
      author        = "Thomassen, P.",
      title         = "{Search for Multi-Lepton Events from Strong and Electroweak SUSY Production in pp Collisions at $\sqrt{s} = \mathrm{7\,TeV}$}",
      school        = "Rutgers",
      month         = "October",
      year          = "2012",
}

@article{PhysRevD.22.2227,
  title = {Neutrino masses in SU(2) \ensuremath{\bigotimes} U(1) theories},
  author = {Schechter, J. and Valle, J. W. F.},
  journal = {Phys. Rev. D},
  volume = {22},
  issue = {9},
  pages = {2227--2235},
  numpages = {0},
  year = {1980},
  month = {Nov},
  publisher = {American Physical Society},
  doi = {10.1103/PhysRevD.22.2227},
  url = {http://link.aps.org/doi/10.1103/PhysRevD.22.2227}
}

@article{Fukuda:1998fd,
      author         = "Fukuda, Y. and others",
      title          = "{Measurements of the solar neutrino flux from
                        Super-Kamiokande's first 300 days}",
      collaboration  = "Super-Kamiokande",
      journal        = "Phys. Rev. Lett.",
      volume         = "81",
      year           = "1998",
      pages          = "1158-1162",
      doi            = "10.1103/PhysRevLett.81.1158",
      note           = "[Erratum: Phys. Rev. Lett.81,4279(1998)]",
      eprint         = "hep-ex/9805021",
      archivePrefix  = "arXiv",
      primaryClass   = "hep-ex",
      reportNumber   = "ICRR-417-98-13, ICRR-REPORT-417-98-13, UCI-98-4,
                        CSUDH-HEP-98-02, KEK-PREPRINT-98-40, LSU-HEPA-2-98,
                        UMD-98-116, SBHEP-98-2, NGTHEP-98-02, OULNS-98-01,
                        TKU-PAP-98-02, TIT-HPE-98-05, UWSEA-PUB-98-02,
                        --LSU-HEPA-2-98, SBHEP98-2, NGTHEP.98-02, --TIT-HPE-98-05",
      SLACcitation   = "%%CITATION = HEP-EX/9805021;%%"
}

@phdthesis{Xie:1455454,
      author        = "Xie, Si and Paus, C",
      title         = "{Search for the Standard Model Higgs Boson Decaying to Two
                       W Bosons at CMS}",
      school        = "MIT",
      month         = "May",
      year          = "2012",
      reportNumber  = "CERN-THESIS-2012-068",
      url           = "https://cds.cern.ch/record/1455454",
      note          = "Presented 07 May 2012",
}

@book{Peskin:257493,
      author        = "Peskin, Michael E and Schroeder, Daniel V",
      title         = "{An Introduction to Quantum Field Theory; 1995 ed.}",
      publisher     = "Westview",
      address       = "Boulder, CO",
      year          = "1995",
      url           = "https://cds.cern.ch/record/257493",
      note          = "Includes exercises",
}

@techreport{CMS-PAS-EXO-16-002,
      title         = "{Search for Type-III Seesaw Heavy Fermions with
                       Multilepton Final States using 2.3/fb of 13 TeV
                       proton-proton Collision Data}",
      institution   = "CERN",
      collaboration = "CMS Collaboration",
      address       = "Geneva",
      number        = "CMS-PAS-EXO-16-002",
      year          = "2016",
      reportNumber  = "CMS-PAS-EXO-16-002",
      url           = "https://cds.cern.ch/record/2140978",
}

@online{CMSslice,
  author = {Marzena Lapka},
  title = {Slice of the {CMS} detector},
  year = 2011,
  url = {https://cms-docdb.cern.ch/cgi-bin/PublicDocDB/ShowDocument?docid=4172},
  urldate = {2016-03-22}
}

@inproceedings{Pomarol:2012sb,
      author         = "Pomarol, A.",
      title          = "{Beyond the Standard Model}",
      booktitle      = "{High-energy Physics. Proceedings, 18th European School,
                        ESHEP 2010, Raseborg, Finland, 20 Jun. - 3 Jul., 2010}",
      url            = "https://inspirehep.net/record/1088246/files/arXiv:1202.1391.pdf",
      year           = "2012",
      pages          = "115-151",
      eprint         = "1202.1391",
      archivePrefix  = "arXiv",
      primaryClass   = "hep-ph",
      SLACcitation   = "%%CITATION = ARXIV:1202.1391;%%"
}

@online{CMSSW,
  author = {CMS Collaboration},
  title = {CMSSW},
  year = 2016,
  url = {https://cms-sw.github.io/},
  urldate = {2016-03-23}
}

@article{Brun:1997pa,
      author         = "Brun, R. and Rademakers, F.",
      title          = "{ROOT: An object oriented data analysis framework}",
      booktitle      = "{New computing techniques in physics research V.
                        Proceedings, 5th International Workshop, AIHENP '96,
                        Lausanne, Switzerland, September 2-6, 1996}",
      journal        = "Nucl. Instrum. Meth.",
      volume         = "A389",
      year           = "1997",
      pages          = "81-86",
      doi            = "10.1016/S0168-9002(97)00048-X",
      SLACcitation   = "%%CITATION = NUIMA,A389,81;%%"
}

@inproceedings{Halkiadakis:2010mj,
      author         = "Halkiadakis, Eva",
      title          = "{Introduction to the LHC Experiments}",
      booktitle      = "{Physics of the large and the small, TASI 09, proceedings
                        of the Theoretical Advanced Study Institute in Elementary
                        Particle Physics, Boulder, Colorado, USA, 1-26 June 2009}",
      year           = "2011",
      url            = "https://inspirehep.net/record/853601/files/arXiv:1004.5564.pdf",
      pages          = "489-518",
      doi            = "10.1142/9789814327183_0009",
      eprint         = "1004.5564",
      archivePrefix  = "arXiv",
      primaryClass   = "hep-ex",
      SLACcitation   = "%%CITATION = ARXIV:1004.5564;%%"
}

@article{Agashe:2014kda,
      author         = "Olive, K. A. and others",
      title          = "{Review of Particle Physics}",
      collaboration  = "Particle Data Group",
      journal        = "Chin. Phys.",
      volume         = "C38",
      year           = "2014",
      pages          = "090001",
      doi            = "10.1088/1674-1137/38/9/090001",
      SLACcitation   = "%%CITATION = CHPHD,C38,090001;%%"
}

